4674 5880
560 901 652 1039 De
684 902 942 1040 ubertate
976 905 1246 1037 orationis
1277 897 1668 1090 Sophocleae.

899 1144 1052 1231 Pars
1078 1143 1332 1228 altere*

234 1315 421 1486 Quoniam
438 1387 557 1460 abhinc
574 1403 698 1486 septem
716 1414 820 1462 annos
838 1389 879 1461 de
899 1389 1043 1462 ubertate
1062 1389 1216 1462 orationis
1230 1387 1436 1486 Sophocleeo
1454 1410 1591 1459 exorsus
1608 1410 1679 1457 sum
1698 1385 1874 1483 disputare,
1888 1412 1928 1460 ne
1946 1387 1997 1459 in·

233 1493 348 1563 choete
365 1516 403 1561 ea
421 1488 598 1587 relinquam
617 1505 731 1562 nactus
750 1516 835 1564 nnnc
852 1492 1015 1563 scribendi
1035 1491 1307 1590 opportunitatem
1324 1489 1494 1561 absolvere
1512 1487 1666 1578 conabor,
1690 1501 1843 1585 quantum
1861 1514 1920 1586 por
1936 1512 1996 1561 au·

233 1604 355 1690 gustos.
377 1591 493 1689 quibus
517 1592 737 1665 circumscribi
762 1594 793 1664 bi
820 1592 915 1666 iibeili
938 1593 1056 1682 solent,
1076 1592 1241 1666 cancellos
1259 1593 1333 1663 mibi
1353 1591 1487 1664 licuerit
1534 1591 1638 1688 Atque
1660 1614 1732 1662 cum
1756 1589 1799 1662 ita
1821 1589 1905 1662 illem
1927 1591 1996 1663 dis·

232 1693 426 1791 putationem
454 1694 673 1782 instituissem,
700 1710 733 1768 ut
760 1695 907 1768 universe
934 1693 1140 1793 Sophocleae
1167 1695 1325 1787 ubertatis
1345 1694 1469 1766 ratione
1491 1693 1655 1789 descripte
1678 1707 1816 1789 quatuor
1837 1692 1995 1791 deinceps
2068 1757 2075 1775 ,

230 1795 390 1892 capitibus
414 1798 452 1865 de
473 1799 615 1867 ubertate
638 1813 666 1869 et
687 1802 846 1890 pravitate
867 1801 1006 1868 notionis
1027 1806 1061 1868 in
1084 1801 1208 1891 aliquot
1229 1800 1331 1869 uerbis
1352 1799 1532 1888 conspicuo,
1558 1798 1596 1866 de
1611 1797 1829 1866 redundantia
1849 1797 1884 1866 in
1900 1821 1996 1868 voca·

229 1899 310 1968 bulis
336 1900 514 1988 compositis
538 1924 604 1969 non
629 1902 730 1985 inani,
761 1905 800 1972 de
824 1903 986 1972 vocabulis
1007 1917 1137 1993 praeter
1160 1902 1371 1971 secerdtatem
1396 1901 1444 1969 ati
1473 1900 1636 1969 uideretur
1658 1899 1828 1969 sententiae
1854 1899 1995 1988 adiectis,

227 2003 329 2093 deque
355 2001 640 2073 circumlocutionis
664 2005 828 2094 peceribus
850 2000 1017 2099 copiosius
1042 2021 1252 2099 exponerem:
1278 2012 1380 2072 restet
1404 2024 1501 2087 nunc,
1528 2012 1561 2070 ut
1585 2003 1624 2071 de
1650 2002 1893 2093 amplificandae
1918 2025 1995 2072 ora·

228 2104 325 2173 tionis
339 2104 452 2195 {armis
469 2103 532 2173 hoc
549 2100 622 2176 loco
640 2103 811 2202 disputem.
847 2103 897 2175 Ad
915 2103 1000 2176 hunc
1017 2117 1123 2175 autem
1142 2103 1246 2175 locum
1265 2102 1481 2200 disputatione
1499 2101 1637 2173 deducta
1656 2113 1776 2191 nostra,
1794 2101 1825 2171 in
1845 2124 1995 2198 campum

228 2203 457 2276 descendimus
481 2203 635 2278 latissime
656 2217 831 2303 patentem,
856 2206 887 2276 in
914 2230 979 2303 quo
1002 2205 1132 2277 difficile
1154 2218 1205 2278 est
1226 2206 1272 2278 ita
1288 2204 1425 2296 uersari,
1452 2215 1486 2274 ut
1508 2228 1652 2300 quaese
1675 2202 1814 2275 oiierunt
1839 2203 1994 2276 scribenti

226 2320 324 2403 etque
343 2320 526 2397 occurrunt,
552 2333 613 2379 suo
632 2306 704 2380 ioco
722 2308 829 2380 omnia
847 2321 1032 2380 tractentur.
1074 2308 1250 2405 Aptissime
1265 2320 1372 2380 autem
1390 2319 1490 2378 totum
1513 2305 1555 2378 de
1572 2304 1820 2403 amplificatione
1838 2305 1994 2378 orationis

228 2408 333 2479 locum
360 2408 402 2480 ite
429 2409 504 2480 mibi
532 2409 643 2482 videor
668 2410 832 2507 persequi
864 2422 897 2481 ut
922 2410 1059 2507 primum
1083 2409 1125 2482 de
1150 2409 1277 2481 duobus
1299 2405 1465 2480 vocabulis
1490 2407 1636 2479 eiusdem
1659 2408 1726 2478 fere
1748 2406 1994 2504 significationis

228 2509 344 2596 dicam,
366 2510 415 2582 vei
439 2535 510 2582 oum
534 2513 689 2609 gravitate
713 2511 807 2584 unius
830 2512 971 2583 notionis
994 2510 1200 2600 consociatis,
1224 2508 1275 2583 vei
1297 2511 1340 2582 ite
1363 2509 1553 2597 coniunctis,
1580 2523 1614 2581 ut
1640 2508 1773 2582 alterum
1799 2508 1902 2582 altero
1924 2532 1994 2581 am·
2024 2554 2025 2557 =

225 2610 395 2707 piificetur‚
426 2613 544 2685 deinde
570 2613 610 2685 ad
638 2628 747 2686 cetera
773 2613 1040 2711 amplificationis·
1056 2638 1176 2712 genera
1203 2626 1376 2685 transeam.
1422 2612 1514 2698 Quae
1542 2611 1672 2708 quidem
1699 2611 1743 2683 ita
1770 2612 1928 2703 tractabo,
1960 2624 1994 2683 ut

227 2713 362 2810 primum
386 2715 427 2785 de
449 2714 615 2787 vocabulis
639 2716 743 2787 dicem
768 2714 808 2786 ἐκ
830 2716 1053 2810 παραλλήλου
1078 2728 1110 2786 ut
1132 2715 1222 2786 aiunt
1244 2715 1371 2811 positis,
1397 2713 1514 2785 deinde
1537 2713 1579 2785 de
1601 2712 1845 2810 pronominibus
1867 2736 1941 2785 cum
1963 2713 1993 2784 ri

226 2816 382 2912 repetitis,
413 2831 478 2887 tum
504 2818 545 2890 de
572 2818 749 2915 participiis
776 2818 921 2889 eiusdem
948 2817 1082 2914 originis
1110 2816 1218 2888 verbis
1243 2816 1340 2888 finitis
1365 2816 1512 2904 adiectis,
1544 2828 1609 2886 tum
1636 2815 1677 2886 de
1704 2839 1744 2886 ea
1767 2815 1904 2905 ratione,
1928 2840 1993 2913 que

227 2942 312 3013 quee
338 2917 494 2989 affirmata
520 2933 596 2990 sunt
620 2919 734 2991 eadem
759 2918 932 3017 negatione
958 2918 1109 2991 contrarii
1142 2918 1371 2990 confirmentur
1402 2917 1516 2989 itemm
1546 2929 1644 3015 atque
1674 2917 1816 3014 gravius,
1845 2931 1922 3015 post
1951 2917 1993 2989 de

227 3018 372 3092 ubertate
398 3019 450 3091 ilia
478 3021 643 3107 orationis,
669 3046 752 3116 quae
778 3021 915 3093 efficitur
945 3020 1113 3094 sententiis
1138 3019 1319 3116 explicandi
1348 3043 1448 3090 causa
1474 3019 1645 3117 appositis,
1671 3031 1837 3115 postremo
1863 3020 1904 3092 de
1929 3020 1993 3092 ire·

180 3130 183 3135 ’
226 3121 433 3219 quentationc
460 3123 627 3194 verborum
654 3123 740 3195 idem
767 3124 833 3195 iere
860 3123 1120 3220 significantium.
1207 3190 1210 3196 .

226 3341 339 3483 Cap.
366 3341 420 3444 V.
483 3343 556 3445 De
588 3341 765 3448 duobus
795 3341 1027 3448 vocabulis
1059 3340 1265 3447 eiusdem
1296 3340 1389 3446 iere
1421 3340 1764 3487 significationis
1788 3340 1859 3444 vei
1889 3374 1990 3445 cum

294 3496 510 3637 gravitate
535 3496 665 3600 unius
692 3496 885 3600 notionis
909 3495 1193 3623 consociatis
1211 3495 1283 3601 vei
1308 3497 1367 3600 itu
1391 3493 1923 3623 coniunctiS‚utaite1·um
1995 3555 1998 3563 ·

875 3647 1012 3753 abero
1039 3646 1342 3791 amplificetur.

327 3831 425 3906 Huius
450 3835 603 3909 ubertatis
627 3835 690 3907 duo
714 3834 915 3933 potissimum
938 3862 1058 3934 genera
1081 3836 1309 3933 distinguenda
1332 3850 1416 3907 sunt.
1454 3835 1518 3907 Ant
1540 3835 1762 3932 simplicia
1785 3835 1869 3908 enim
1894 3860 1991 3909 voce·

227 3933 300 4005 bula
325 3959 396 4006 cnm
419 3939 599 4010 nominibus
617 3938 789 4035 verbisque
812 3937 955 4010 eiusdem
974 3940 1041 4010 iere
1060 3938 1304 4037 significationis
1322 3936 1428 4010 soient
1445 3938 1639 4022 consociari,
1660 3951 1694 4009 ut
1711 3963 1823 4010 eorum
1837 3941 1989 4035 'notiones

226 4049 314 4108 certa
347 4038 484 4133 quadam
515 4041 639 4113 ratione
670 4039 870 4138 explicentur
900 4054 997 4137 atque
1022 4039 1266 4138 amplificentur,
1297 4055 1352 4112 aut
1378 4039 1579 4128 vocabulum,
1610 4037 1700 4136 quod
1724 4038 1815 4112 alteri
1842 4040 1991 4113 adiicitur

226 4138 390 4236 gravitatis
416 4163 456 4209 ac
481 4142 681 4214 subiimitatis
708 4167 817 4231 causa,
845 4167 916 4214 cum
944 4167 1024 4213 voce
1049 4142 1133 4214 idem
1160 4143 1227 4213 iere
1254 4141 1378 4213 veiente
1405 4155 1455 4213 est
1481 4140 1739 4239 copulatum.
1783 4143 1944 4228 Quantum
1970 4169 1991 4214 a

226 4239 423 4336 pieonasmis
454 4266 492 4312 ea
524 4244 652 4332 distent,
684 4270 755 4317 oum
788 4243 934 4341 exempla
967 4243 1037 4342 ipsa
1069 4255 1182 4342 aperto
1209 4257 1283 4315 sunt
1308 4244 1512 4334 documento,
1539 4256 1604 4315 tum
1631 4241 1834 4341 diligentiore
1859 4257 1992 4318 senten·

226 4341 338 4413 tiarnm
366 4341 573 4438 inquisitione
597 4345 690 4419 ieciie
716 4347 933 4444 cognoscitur.
1683 4357 1686 4362 ’

240 4504 244 4519 .
328 4446 360 4515 1.
414 4445 612 4542 Quamquam
639 4446 693 4519 Tr.
718 4450 802 4521 282.
835 4448 949 4520 mortui
980 4446 1168 4546 simpliciter
1194 4459 1348 4520 vocantur
1371 4443 1484 4519 Ἅιδου
1514 4443 1707 4541 οἰκήτορες,
1738 4460 1843 4519 minen
1869 4449 1990 4521 redun·
2096 4490 2100 4498 ·

226 4542 364 4616 dantiam
392 4572 456 4616 non
483 4547 638 4619 debemus
665 4575 775 4621 eorum
802 4564 954 4640 statuere,
981 4575 1065 4648 quae
1091 4550 1185 4648 copia
1212 4549 1350 4647 quadam
1377 4548 1546 4620 verborum
1573 4548 1647 4619 iilos
1673 4546 1748 4621 Orci
1775 4549 1864 4622 cives
1890 4576 1989 4623 acon·

225 4645 325 4716 ratius
343 4647 526 4744 significant
543 4650 730 4740 exstinctos,
748 4665 784 4724 ut
800 4651 853 4723 Tr.
876 4654 968 4724 1161
982 4649 1115 4725 :⁰Acdou
1132 4650 1300 4747 φθᾲιενος
1314 4649 1475 4746 οἰκήτωρ.
1508 4649 1555 4721 Αἰ.
1571 4646 1788 4723 517ῑσΑιδοο
1806 4653 1988 4743 θανάσιμοι

224 4743 406 4840 οἰκήτορες
438 4752 494 4840 (ci.
530 4755 643 4823 Wuud.
672 4753 714 4823 ed
746 4755 776 4824 b.
807 4753 864 4842 1.),
900 4755 1082 4852 quibusque
1117 4754 1291 4826 inferorum
1326 4752 1397 4824 ioca
1432 4752 1658 4824 deseribuntur
1692 4752 1773 4825 Oed.
1808 4755 1843 4826 C.
1875 4753 1988 4826 1576:

225 4846 394 4939 νερτέρας
421 4858 552 4944 νεκρῶν
586 4854 729 4942 πλάκας,
762 4857 803 4928 ci.
839 4855 911 4927 Ant.
945 4858 1003 4930 25.
1057 4856 1169 4954 Neque
1202 4854 1289 4953 quod
1318 4852 1574 4951 βεβηκέναι
1607 4853 1741 4951 (Phryn.
1775 4856 1812 4925 ir.
1842 4855 1875 4925 9.
1911 4855 1985 4927 Eur.

311 5016 321 5040 ⁸
349 5013 376 5066 in
397 5015 518 5084 Aeschyli
536 5021 600 5072 iocis
619 5024 739 5081 citandis.
758 5040 824 5093 quos
845 5021 991 5076 Hermone.
1010 5025 1143 5076 constituit
1162 5039 1285 5075 numeros
1304 5029 1410 5075 secutus
1430 5039 1496 5077 sum.
1515 5025 1540 5074 io
1560 5018 1700 5091 Euripidis
1717 5030 1803 5075 eutem
1823 5021 1887 5098 ipcis
1906 5025 1988 5092 signi·

225 5083 334 5136 beandis
356 5089 550 5140 accommodari
573 5107 615 5142 me
636 5093 669 5144 ad
691 5093 753 5145 edit.
771 5092 868 5144 Teubn.
886 5093 920 5144 ab
939 5094 970 5144 ,4.
988 5089 1116 5144 Naucitio
1131 5092 1293 5144 adornatam.
1328 5086 1452 5143 Eiusdem
1468 5090 1686 5158 Ῑταριαοιιίοιιιαι
1705 5091 1818 5146 editione
1837 5107 1901 5145 usus
1919 5109 1987 5146 sum.

1670 5195 1679 5242 i
