4674 5880
1143 249 1185 317 18

276 488 344 559 die
375 487 396 557 d
406 513 453 558 en
484 486 640 557 Gatten
669 484 888 559 verloren.
915 485 1002 556 ihres
1030 483 1156 557 labens
1184 483 1275 556 Liclit
1301 484 1365 554 und
1391 484 1504 557 Rulrm.
1535 529 1578 538 -
1607 490 1714 586 Atque
1740 489 1835 561 etiam
1862 486 2044 588 Sophocles

276 589 339 662 hac
361 588 508 681 ubertate
531 613 609 658 usus
633 601 693 674 est,
718 601 773 659 aut
796 587 1035 684 perspicuitatis
1058 610 1167 668 caasa,
1193 600 1248 658 aut
1272 599 1305 658 ut
1327 587 1521 683 perturbatis
1545 615 1755 686 personarum
1778 591 1894 663 animis
1918 591 2046 689 plenior

276 704 471 788 congrueret
505 689 625 776 orati03
659 687 743 761 velut
777 688 830 760 Tr.
859 689 949 762 571:
984 687 1119 759 τοσόνδ’
1149 686 1268 782 ὀνήσει
1302 693 1370 759 τῶν
1403 685 1541 779 ἐμῶν,
1578 690 1642 762 ἐὰν
1674 691 1770 787 πίθῃ,
1804 697 2044 785 πορθμῶν,

275 791 483 887 ύθούνεχ’
510 792 706 886 ύστάτῃν
738 790 774 861 σ“
802 786 966 887 ἔπεμψ’
994 788 1093 882 ἐγώ.
1123 790 1181 861 ΡΙι.
1206 789 1273 862 523
1303 788 1372 859 ἀλλ’
1399 790 1441 885 ἤν
1472 813 1501 860 τι
1532 793 1709 880 καινόν,
1741 795 1799 865 ῶν
1830 793 1931 887 πρὶν
1963 793 2046 867 ούκ

276 894 477 989 ἀκήκοας,
501 893 641 989 κλύῃς,
665 893 752 990 quod
773 892 878 965 Ulixes
901 893 955 977 ait,
979 907 1011 963 ut
1033 889 1232 990 Neoptolemi
1256 892 1396 964 animum
1419 892 1461 963 ad
1485 892 1527 979 id,
1549 895 1635 987 quod
1654 895 1795 968 dicturus
1813 898 1884 994 ipse
1901 910 1962 984 est,
1985 896 2046 968 ad·

275 1009 387 1070 vertat.
429 995 719 1093 atqueatoue,
743 1019 815 1065 curn
840 994 989 1065 universe
1012 995 1140 1066 dixerit:
1168 991 1214 1064 ἐν
1241 998 1299 1086 τῷ
1325 997 1512 1088 φρονεῖν
1536 994 1605 1087 γδρ
1627 996 1772 1092 μηδὲν
1796 998 1936 1093 ἥδιστος
1956 996 2043 1095 βίος,

276 1096 490 1195 explicaturus
515 1098 576 1197 hoc
600 1097 678 1167 Aiax
702 1096 808 1167 addit:
835 1094 926 1176 έως
949 1095 994 1166 τὸ
1016 1095 1201 1190 χαίρειν
1227 1092 1301 1165 καῖ
1326 1093 1372 1164 τὸ
1397 1095 1636 1168 λυπεῖσθαι
1658 1099 1827 1193 μάθῃς,
1855 1115 1888 1172 ιιι
1909 1099 1961 1170 vel
1983 1101 2043 1172 λιιι

275 1200 399 1273 ratione
426 1213 649 1293 cognoscatur.
677 1223 772 1294 quarn
800 1198 1012 1277 incommode,
1039 1221 1124 1292 quae
1151 1196 1311 1294 implicata
1339 1211 1414 1268 suot
1438 1223 1478 1270 ec
1504 1201 1688 1286 cohaerent,
1714 1225 1808 1271 versu
1836 1201 1905 1273 illo:
1932 1201 2041 1298 τὸμὴ

275 1304 413 1397 φρονεῖν
444 1302 512 1395 γδρ
543 1301 642 1391 κάρτ’
669 1298 844 1370 ἀνώδυνον
873 1298 979 1370 κακύν
1006 1298 1206 1385 divellantur,
1233 1299 1283 1371 oui
1310 1297 1382 1369 aliis
1409 1300 1585 1373 decausis
1612 1314 1700 1372 recte
1727 1300 1920 1398 interpretes
1947 1302 2043 1401 pleri·

276 1431 340 1504 que
367 1402 557 1502 scalpellum
584 1401 807 1487 adhibuerunt.
849 1401 961 1499 Neque
989 1427 1065 1473 vero
1092 1401 1154 1472 ltuc
1181 1400 1358 1483 referenda,
1385 1423 1469 1494 quae
1495 1414 1571 1472 sunt
1595 1429 1647 1500 ap.
1673 1402 1745 1473 Eur.
1770 1402 1828 1473 Ph.
1852 1405 1940 1475 7373
1967 1403 2043 1476 ἕπτ’

275 1505 409 1599 ἄνδρας
441 1505 559 1586 αὐτοῖς
589 1527 702 1598 φασιν,
738 1507 799 1584 ὡς
830 1501 987 1600 ἤκουσ’
1019 1502 1106 1595 ἐγώ
1141 1505 1208 1573 κτλ.
1243 1502 1362 1574 Bacch.
1388 1506 1477 1575 7713
1508 1503 1643 1575 κάκεῖνά
1673 1528 1806 1598 φασιν
1837 1504 1952 1592 αύτύν,
1985 1510 2046 1588 ὡς

275 1608 360 1701 ἐγὼ
386 1607 515 1678 κλύω.
544 1605 626 1679 llled.
647 1607 736 1675 287:
767 1605 883 1675 κλύω
915 1605 952 1675 δ’
979 1605 1127 1675 ἀπειλεῖν
1153 1605 1198 1691 o‘,
1226 1607 1288 1685 ῶς
1311 1603 1654 1698 ἀπαγγέλλουσι
1670 1630 1741 1696 μοι,
1769 1630 1851 1701 quae
1878 1630 1941 1676 non
1968 1623 2046 1679 suot

274 1709 512 1884 pmplificaptis
540 1709 602 1825 ‘sed
630 1708 691 1822 vim
719 1706 986 1880 veppi7pppdeste
1008 1722 1176 1878 υοιιάιιιιιιιιιι
1207 1707 1400 1828 cperqentis.
1450 1707 1813 1881 Ampgiliqatiqbcontqq
1838 1707 1978 1878 carpitur
2009 1710 2043 1780 in

296 1838 337 1884 ac
387 1837 427 1884 ae
450 1838 468 1882 a
494 1838 514 1883 o
539 1838 547 1882 ι
574 1823 720 1881 oratione
785 1864 792 1878 .
892 1832 1046 1880 :rocour
1096 1832 1150 1878 σοι
1176 1832 1260 1878 ταυτ
1293 1831 1394 1895 εστιν,
1422 1812 1475 1890 ὡς
1543 1834 1561 1880 ν
1608 1834 1625 1878 ν
1711 1836 1743 1903 ῳ
1835 1833 1919 1896 ειν,
1950 1814 2045 1892 τοῖς

274 1914 308 1986 δ’
325 1837 496 2001 trioni,
515 1838 639 2002 {drap
662 1907 844 2002 εἴδομεν,
864 1909 1009 2002 μέγιστα
1032 1911 1180 1996 πάντων,
1203 1911 1253 1980 ῶν
1270 1907 1382 1981 ὄπωπ’
1401 1909 1472 2003 ἐγὼ
1493 1834 1626 1982 iaxar-
1651 1835 1899 1984 cllScltnetileto.
1914 1911 1956 1982 ad
1971 1911 2001 1982 lt.
2019 1911 2039 1982 l.

275 2018 413 2088 Ellendt.
433 2014 467 2086 L.
488 2012 523 2087 S.
544 2014 564 2086 l.
586 2041 616 2112 p,
638 2013 722 2084 344.
745 2054 789 2065 -
811 2012 858 2083 Αἰ.
879 2012 968 2083 9683
1001 2013 1056 2082 ῶν
1081 2011 1149 2105 γάρ
1176 2012 1344 2108 ἠράσθη
1371 2015 1492 2107 τυχεῖν,
1520 2011 1716 2108 ἐκτήσαθ’
1743 2014 1852 2107 αὑτῷ,
1879 2013 2041 2097 θάνατον,

275 2117 403 2209 ὅνπερ
430 2117 591 2213 ἤθελεν.
612 2114 657 2186 El.
678 2113 770 2186 652:
797 2112 923 2208 φιλυισι
941 2138 978 2184 τε
1001 2116 1218 2200 ξυνοῦσαν,
1244 2111 1308 2193 οῖς
1329 2112 1484 2205 ξύνειμι
1508 2118 1584 2185 νῦν.
1605 2115 1651 2187 Ai.
1673 2115 1762 2186 992:
1788 2115 1819 2186 ὦ
1845 2120 1912 2186 τῶν
1936 2115 2043 2186 ἁπάν-

275 2242 343 2290 των
376 2219 422 2315 δὴ
458 2218 682 2310 θεαμάτων
716 2213 795 2307 ἐμοὶ
828 2213 996 2308 ἄλγιστον,
1031 2218 1086 2287 ῶν
1119 2215 1343 2307 προσεῖδον
1377 2214 1570 2310 ὀφθαλμοῖς
1601 2215 1683 2310 ἐγώ.
1717 2215 1770 2287 Τι.
1796 2217 1888 2289 9083
1922 2213 1959 2287 εἴ
1983 2240 2045 2288 του

275 2320 380 2416 φίλων
409 2319 610 2418 βλέφειεν
640 2316 781 2399 οἰκετῶν
811 2317 933 2409 δέμας,
965 2314 1100 2388 ἔκλαιεν
1130 2320 1153 2413 ἡ
1184 2316 1354 2412 δύσιῃνος
1382 2315 1664 2413 εἰσορωμένῃ,
1695 2342 1790 2413 quem
1823 2317 1928 2391 locum
1960 2319 2044 2391 bene

276 2425 467 2496 Schneidew.
491 2421 671 2519 explicavit.
723 2419 892 2517 lnelegans
919 2446 996 2492 vero
1022 2445 1060 2490 ac
1087 2420 1196 2517 putida
1224 2432 1328 2491 exstat
1354 2420 1509 2491 orationis
1535 2420 1746 2493 redundantia
1773 2420 1821 2491 Αἱ.
1844 2419 1933 2493 152:
1964 2421 2046 2513 περι

274 2525 343 2618 γὰρ
369 2527 433 2596 σού
465 2527 522 2596 νῦν
554 2522 695 2595 εύπιστα
725 2521 854 2614 λέγει,
886 2518 945 2592 καὶ
975 2528 1046 2603 πᾶς
1068 2523 1088 2593 d
1113 2521 1225 2591 κλύων
1256 2524 1326 2591 τού
1356 2520 1558 2604 λέξαντος
1579 2521 1696 2617 χαζοει
1725 2522 1856 2613 μᾶλλον
1882 2525 1952 2603 τοῖς
1973 2526 2048 2605 σοῖς

276 2625 393 2723 ἄχεσιν
417 2624 648 2724 καθυβρίξων,
676 2648 760 2722 quae
787 2624 884 2695 verba
911 2627 1059 2695 Wunder.
1085 2625 1134 2695 sic
1160 2623 1400 2718 interpretatur:
1432 2623 1469 2695 Et
1494 2626 1677 2719 quicunque
1702 2623 1802 2715 audit,
1826 2626 1948 2695 maiora
1974 2652 2046 2698 oum

275 2732 446 2823 uoluptate,
477 2753 575 2822 quom
599 2731 627 2799 ῖι
652 2730 708 2820 qui
733 2728 827 2813 dixit,
859 2726 923 2796 tuis
949 2726 1112 2797 aerumnis
1137 2724 1285 2811 insultat3
1315 2749 1378 2819 qua
1404 2724 1667 2824 interpretatione
1693 2751 1757 2798 non
1784 2727 1887 2797 solum
1912 2727 1955 2797 ab
1982 2728 2045 2800 hoc

276 2830 350 2903 loco
375 2829 523 2918 alienam,
554 2829 613 2902 sed
641 2829 780 2924 ineptam
807 2828 890 2900 ellici
917 2828 1107 2900 sententiam
1135 2827 1239 2921 quivis
1265 2826 1360 2915 videt,
1390 2851 1431 2898 ac
1457 2826 1633 2901 luculenter
1657 2828 1807 2926 exposuit
1832 2831 2042 2923 Ηιιτιιιιιρῖιιι.

274 2931 540 3030 Coniungendum
562 2931 693 3023 μᾶλλον
719 2942 770 3002 est
795 2953 866 3001 eum
894 2929 932 3000 iis
959 2955 1043 3027 quae
1069 2942 1259 3027 sequuntur,
1284 2931 1345 3000 τού
1370 2926 1533 3012 λέξαντος
1553 2955 1629 3003 vero
1655 2955 1727 3003 cum
1749 2929 1848 3002 verbo
1873 2931 1895 3000 δ
1920 2931 2044 3021 κλύων,

275 3049 309 3108 ut
335 3037 441 3106 {Nicea
462 3034 674 3130 significetur,
702 3056 742 3104 ex
765 3056 830 3129 quo
852 3031 984 3103 audiant
1006 3032 1117 3118 ceteri,
1144 3056 1207 3103 non
1232 3036 1303 3111 πᾶς
1321 3031 1343 3100 δ
1364 3028 1488 3124 λέγων,
1512 3032 1543 3103 id
1566 3032 1655 3125 quod
1677 3031 1779 3104 visum
1801 3046 1852 3104 est
1875 3036 2045 3106 Schneide-

273 3141 368 3210 ιιῖιιο.
430 3135 512 3207 Huic
545 3135 630 3207 enirn
665 3133 917 3231 interpretationi
953 3134 1061 3205 obstat
1094 3133 1247 3205 aoristus.
1295 3130 1413 3204 Verum
1448 3157 1489 3205 ne
1524 3132 1642 3206 Ulixem
1678 3133 1807 3232 quidem
1842 3135 1949 3207 verbis
1983 3139 2044 3206 τοῦ

274 3239 439 3320 λέξαντος
461 3236 575 3309 saltem
602 3234 778 3334 significari
804 3261 905 3334 posse
933 3235 1026 3308 lacile
1053 3235 1208 3307 concedo.
1262 3233 1375 3331 Neque
1402 3248 1507 3308 tameo
1533 3235 1689 3324 adducor,
1720 3249 1754 3308 ut
1779 3235 1963 3308 Nauclrio
1989 3262 2045 3308 as·

275 3341 406 3431 sentiar,
441 3340 493 3435 qui
520 3342 580 3410 τοῦ
606 3337 770 3418 λέξαντος
792 3339 833 3409 ab
860 3337 989 3409 homine
1017 3336 1099 3409 male
1125 3336 1241 3410 sedulo
1267 3336 1478 3432 comparativi
1504 3337 1634 3428 μᾶλλον
1666 3338 1768 3435 gratia
1800 3338 1942 3411 additum
1974 3340 2045 3437 opi·

276 3457 384 3529 natur3
410 3441 497 3539 quod
525 3452 559 3510 ut
582 3442 698 3512 lactum
722 3440 764 3510 sit
786 3440 859 3510 Eur.
882 3440 938 3510 Ph.
958 3440 1065 3512 1389.
1090 3441 1147 3528 (cl.
1164 3440 1288 3509 Nauck.
1307 3436 1416 3536 Eurip.
1437 3436 1529 3511 Stud.
1545 3438 1566 3509 l.
1588 3464 1620 3536 p.
1636 3439 1726 3533 92),
1751 3437 1924 3537 Sophoclis
1946 3442 2046 3513 orati·

276 3571 369 3616 onem
397 3544 459 3615 hac
486 3541 657 3615 sedulitate
684 3541 841 3613 foedatam
868 3555 989 3614 temere
1015 3567 1102 3628 esse,
1128 3542 1179 3611 vix
1206 3540 1280 3611 milti
1309 3539 1502 3636 persuadeo.
1554 3543 1711 3639 corrupta
1737 3567 1814 3614 vero
1845 3557 1921 3613 sunt
1947 3544 2045 3616 verba

276 3649 336 3716 τοῦ
361 3646 533 3733 λέξαντος,
560 3655 658 3741 atque
683 3642 886 3716 coniecturae
913 3668 974 3738 ope
1001 3644 1042 3715 ad
1070 3643 1236 3714 sanitatem
1263 3641 1355 3739 quali
1384 3641 1578 3714 reducenda.
1620 3643 1685 3715 Nec
1709 3641 1837 3715 difficile
1863 3658 1914 3716 est
1937 3646 2045 3718 vitium

276 3746 351 3818 illud
385 3773 443 3845 per
477 3746 574 3818 rnulta
608 3746 738 3843 quidem
775 3745 903 3818 saecula
937 3760 1149 3844 propagatum
1182 3743 1306 3832 tollere,
1341 3742 1475 3816 divellas
1511 3744 1607 3816 modo
1641 3770 1726 3843 quae
1760 3769 1933 3842 perperam
1966 3773 2045 3819 con·

274 3848 428 3946 glutinata
456 3863 542 3936 sunt,
569 3847 757 3945 divulsaque
786 3849 933 3920 immutes
961 3847 1079 3919 leviter.
1122 3847 1186 3917 l'ro

754 3947 1060 4020 TOYAEEANTOC
1084 3949 1168 4019 euim

275 4051 482 4124 scribendum
509 4053 579 4125 sine
606 4053 720 4124 dubio:
752 4048 1089 4136 ruruue'nvarott
1116 4052 1146 4121 t.
1173 4077 1202 4121 e.
1232 4052 1359 4122 τοῦδ’
1387 4049 1439 4132 ἐξ
1462 4049 1649 4144 ἀνδρός.
1669 4050 1702 4112 ““)
1740 4048 1830 4126 licet
1855 4053 1936 4127 enim
1966 4070 2040 4116 raro

362 4221 396 4283 ¹¹)
421 4219 505 4282 Quam
531 4221 592 4272 huic
614 4221 672 4272 loco
698 4219 854 4273 medicinam
879 4219 995 4277 adhibui,
1020 4220 1121 4278 eadam,
1144 4220 1192 4270 nisi
1215 4220 1298 4278 lallor.
1322 4219 1463 4273 subvenire
1486 4219 1546 4273 licet
1568 4218 1655 4271 rsrltis
1674 4220 1822 4289 paedagogi
1839 4213 2040 4269 recreatus

276 4288 398 4356 prologo.
416 4302 484 4356 quas
503 4288 623 4340 laborm
641 4291 803 4350 aliquantum
823 4289 892 4340 idern
912 4287 1093 4343 Naucltiua.
1112 4301 1163 4354 qua
1181 4295 1221 4339 ιιι
1238 4292 1295 4341 scie
1314 4290 1338 4340 in
1360 4288 1422 4345 soii,
1441 4290 1541 4355 primus
1560 4287 1686 4354 disperit:
1705 4290 1765 4342 diso
1782 4293 1865 4340 autam
1884 4281 1949 4333 λιιιι
1962 4297 1983 4332 ι.
1996 4283 2041 4333 20:

749 4355 819 4482 {pq
829 4351 877 4406 σύν
892 4354 1068 4475 ,τινὲόἀνδρῶν
1088 4353 1276 4423 ἐξοδοιπορεῖν
1382 4371 1405 4413 ς,

767 4438 798 4474 υν
819 4440 916 4475 κτιτον
984 4440 1063 4475 σισιν.

277 4492 357 4554 utque
376 4491 515 4544 offensioni
535 4490 571 4542 illi
590 4492 636 4544 luit
655 4494 763 4546 vernum
781 4440 1046 4560 crocotula»,
1065 4492 1135 4556 quod
1150 4495 1199 4546 nisi
1213 4493 1264 4546 hoo
1277 4492 1335 4546 Ιοιο
1348 4508 1477 4562 nusquam
1492 4492 1594 4559 legitur.
1613 4510 1646 4547 ao
1657 4496 1734 4546 nimis
1745 4503 1808 4541 sane
1821 4493 1848 4539 ιιι
1860 4486 1886 4537 in
1899 4486 1968 4537 tenui
1982 4500 2040 4537 ora·

275 4561 346 4610 tione
359 4565 386 4611 st
401 4558 584 4611 cohortatione
597 4561 696 4625 grando
710 4570 749 4614 est
761 4569 840 4624 atque
852 4561 1028 4629 magnificum.
1055 4560 1139 4624 Quam
1152 4563 1259 4625 quidem
1272 4561 1444 4614 offensionem
1457 4560 1512 4612 ιοΙΙι
1524 4560 1648 4614 ιιιιιλιιιιι
1659 4560 1770 4614 arbitror
1781 4555 1832 4607 has
1842 4553 2039 4605 emendations:

750 4627 811 4696 πρὶν
836 4624 885 4679 σύν
908 4627 956 4680 τιν’
980 4626 1089 4696 ἀνδρῶν
1114 4626 1154 4687 ἐξ
1174 4627 1257 4679 ὀδοῦ
1281 4630 1392 4695 περᾶν
1416 4625 1517 4696 οτιγῃς
1538 4625 1602 4686 κτλ..

276 4697 301 4746 ιι.
314 4710 336 4747 s.
354 4698 555 4761 priusquam
578 4710 614 4746 ox
638 4694 753 4750 limine
776 4700 908 4750 aedium
931 4699 1007 4761 quis
1030 4696 1243 4764 egrediatun
1265 4699 1297 4750 ct.
1311 4694 1372 4751 0.ll.
1385 4697 1449 4749 531:
1470 4693 1510 4747 ὅδ’
1528 4694 1580 4766 ἤδῃ
1603 4690 1759 4756 δωμάτων
1783 4686 1849 4749 ld&
1871 4685 1965 4753 Μ’·
1984 4691 2040 4740 dnl-

276 4763 340 4816 3⁸⁸³
359 4761 375 4812 ὅ
392 4759 415 4812 ⁴5
434 4760 470 4811 ἢ
487 4759 603 4823 δόμων
622 4757 809 4826 doomonte
826 4763 889 4816 δέον
909 4763 1008 4833 περᾷ.
1028 4763 1110 4818 Euri
1132 4765 1196 4816 ιιι.
1213 4766 1290 4818 15333
1309 4761 1424 4828 δύμον
1444 4762 1511 4824 ἔξω
1529 4764 1693 4831 πέρασον.
1719 4759 1795 4811 llere.
1808 4761 1826 4810 ῐ.
1839 4757 1933 4808 7013ο
1957 4772 2039 4838 κων·

278 4827 347 4888 ἔξω
364 4844 483 4897 trappe.
501 4826 556 4895 Ιριι.
570 4830 596 4882 Τ.
610 4831 672 4880 7243
696 4831 764 4898 γυνὴ
780 4831 834 4900 γάρ
851 4831 901 4901 ἥδε
919 4831 1080 4895 δωμάτων
1100 4781 1169 4889 diro
1187 4830 1282 4902 περᾷ.
1302 4834 1399 4887 Phoen.
1417 4834 1479 4884 9813
1503 4830 1539 4882 λιι
1557 4831 1587 4882 δὲ
1605 4826 1708 4895 τῆσδε
1727 4828 1776 4876 ποῖ
1790 4827 1879 4893 περῶς
1901 4822 2039 4876 οι.1ο72;

276 4916 296 4959 μ
331 4896 450 4963 δόμων
469 4894 552 4949 εἴσω
571 4899 692 4962 περᾶν.
723 4898 831 4952 [lelandi
850 4918 913 4955 roro
931 4902 1014 4969 possit
1033 4903 1124 4953 etiarn:
1142 4898 1271 4960 ἔξοδον
1290 4903 1399 4968 περᾶν
1418 4901 1518 4969 στιγῃς
1535 4898 1661 4964 exemplis
1679 4894 1809 4949 similibus
1826 4893 1872 4957 (ol.
1886 4892 1947 4945 rtet
1961 4892 2039 4958 lagg.

277 4965 286 5018 l
311 5005 317 5018 .
336 4984 361 5034 p.
380 4967 438 5047 θύα
457 4966 498 5018 R:
519 4963 648 5025 ἐξόδου
669 4969 731 5032 τῆς
749 4967 934 5033 πατρίδος,
961 4969 992 5020 ol.
1012 4968 1126 5021 Nauck,
1145 4971 1177 5021 ad
1200 4969 1281 5038 Sepla.
1297 4969 1337 5022 Tr.
1357 4969 1434 5034 loll),
1460 4969 1507 5021 sed
1529 4965 1608 5017 multo
1630 4970 1753 5028 praestat.
1778 4965 1882 5028 opinor.
1906 4960 1975 5030 quod
1997 4975 2041 5011 su·

278 5049 324 5099 pra
347 5049 431 5099 posui.
456 5064 485 5071 —-
598 5056 606 5064 ·
