4674 5880
1307 182 1355 255 34

1248 268 1260 293 L
1272 279 1480 293 -..Μ

448 439 483 499 ut
507 422 669 523 significat
692 420 757 531 ille,
778 446 875 520 quem
898 420 1001 519 ipsius
1024 420 1098 494 hdei
1125 447 1251 495 soror
1277 423 1346 520 pio
1372 422 1478 537 ipsa·
1491 446 1625 519 puerum
1648 423 1874 513 commisisset,
1895 447 2019 497 summa
2040 447 2117 496 cura
2141 449 2227 499 curn

446 554 487 601 ac
509 526 631 625 pietate
654 548 730 599 seso
730 522 906 597 debuisse
929 524 1030 611 tueri;
1055 524 1190 619 eiusque
1212 525 1308 597 officii
1328 550 1391 596 non
1410 550 1448 597 so
1471 524 1687 597 immemorem
1710 526 1821 603 luisse.
1839 526 1920 597 satis
1937 540 2048 623 aperte
2066 527 2230 624 exprimit

446 625 912 703 coacervatistribusverbis
957 578 1034 703 lterrl
1057 625 1103 697 ΕΙ.
1125 626 1216 699 325:
1241 627 1301 722 ιὴν
1326 627 1406 722 σὴν
1388 624 1621 718 όμαιμον
1647 625 1695 697 ἐκ
1721 626 1895 719 πατρός
1918 624 2074 700 radron
2095 628 2225 724 φασιν

447 728 675 823 Χρυσόθεμιν,
702 723 751 800 ἔκ
777 751 823 799 τε
844 728 1020 823 μητρός
1044 729 1182 801 verbose
1208 729 1327 801 chorus
1354 726 1503 822 loquitur,
1535 743 1569 800 ut
1596 752 1668 800 cum
1701 729 1835 826 primum
1863 730 1894 800 in
1920 754 2051 802 scenam
2078 732 2224 859 prodeat

445 831 699 929 Chrysothemis,
720 830 880 919 distincte,
903 853 986 924 quoe
1009 831 1156 928 prodeat,
1178 831 1345 903 indicetur.
1387 831 1491 924 Atque
1516 830 1563 903 El
1586 830 1675 904 156:
1702 828 1755 912 οἷς
1777 830 1934 921 όμόθεν
1960 828 2002 902 εί
2021 856 2088 903 και
2112 858 2222 931 pouq

444 935 664 1027 ξύναιμος
686 932 801 1005 similia
828 933 949 1004 chorus
976 947 1165 1030 congregat,
1191 932 1338 1005 Electrae
1365 931 1525 1004 levaturus
1552 958 1750 1013 moerorem;
1781 932 1870 1004 addit
1895 946 2011 1024 autem,
2042 949 2219 1031 postquam

443 1060 591 1110 sororem
609 1034 679 1108 eius
698 1035 893 1129 fratremque
912 1035 1061 1106 universe
1079 1034 1270 1132 significavit
1293 1038 1381 1124 (τοῖς
1394 1034 1552 1125 ὁμόθεν),
1575 1035 1653 1105 hoc:
1679 1032 1738 1104 καὶ
1759 1039 1845 1131 γονᾷ
1867 1034 2038 1125 ξύναιμος,
2060 1063 2123 1109 non
2143 1054 2220 1111 tan·

442 1163 539 1235 quam
561 1137 749 1210 obscuriora
773 1133 826 1207 illa
849 1135 984 1207 clariore
1008 1135 1079 1208 luce
1101 1152 1229 1234 egeant,
1255 1137 1314 1209 sed
1338 1138 1402 1208 hoc
1421 1136 1550 1233 gravius
1572 1136 1797 1222 affirmaturos,
1819 1136 1925 1208 licet
1949 1137 2103 1210 iisdem
2125 1141 2219 1213 sint

442 1239 701 1356 parentibus
728 1238 836 1326 nati,
868 1238 983 1310 lortius
1010 1250 1116 1310 tamen
1143 1238 1215 1311 illos
1241 1263 1282 1311 ac
1308 1238 1504 1310 moderatius
1530 1239 1675 1311 fortunae
1701 1238 1785 1311 lerre
1811 1237 2109 1311 acerbitatem-
2144 1240 2217 1315 Sed

442 1360 476 1416 ut
507 1342 550 1416 sit
580 1342 642 1414 iam
676 1341 770 1412 huius
796 1339 1024 1437 disputationis
1051 1341 1177 1421 modus.
1204 1343 1246 1412 ita
1274 1340 1477 1428 concludam,
1512 1356 1545 1413 ut
1570 1340 1613 1412 de
1638 1341 1808 1413 Deianirae
1835 1339 1941 1413 verbis
1967 1339 2020 1412 Tr.
2040 1343 2113 1415 584
2141 1369 2217 1440 sq:

440 1445 646 1541 φίλτροις
673 1441 706 1513 θ’
735 1440 799 1513 ἐόν
830 1464 908 1523 πως
935 1440 1030 1536 τῆνο
1064 1441 1347 1539 ὑπερβαλώμεθα
1380 1442 1440 1537 τὴν
1476 1443 1581 1513 τιαιθα
1614 1441 1686 1514 nal
1720 1442 1981 1536 θέλκτροισι
2018 1446 2111 1525 τοῖς
2144 1446 2214 1541 ἐφ

436 1544 657 1640 Ηρακλεῖ,
685 1568 768 1637 quae
790 1544 865 1616 mihi
890 1543 1018 1639 quidem
1037 1544 1203 1616 videantur
1226 1570 1394 1642 exponam.
1433 1542 1470 1615 V.
1489 1545 1573 1617 585.
1594 1547 1679 1617 enim
1699 1561 1850 1640 tanquam
1868 1544 2027 1640 Sophocle
2045 1546 2216 1647 indignum

443 1647 614 1721 delendum
637 1646 725 1718 duxit
749 1649 899 1719 Wunder.
919 1646 986 1716 Em.
1007 1646 1038 1717 in
1057 1644 1110 1718 Tr.
1131 1673 1162 1743 p.
1186 1648 1257 1719 194
1276 1672 1338 1742 sq,
1364 1649 1504 1740 itemque
1530 1650 1696 1742 Diodors,
1721 1647 1892 1739 Hortunp,
1917 1650 2033 1740 Bcrplt.
2061 1653 2218 1725 censoria

440 1749 536 1846 quasi¹
556 1747 679 1847 virgula
709 1761 874 1820 notarunt:
901 1773 964 1819 non
994 1748 1169 1845 prudenter
1197 1749 1322 1846 opinor.
1363 1749 1459 1835 Quod
1483 1750 1628 1821 Eustotlr.
1656 1750 1740 1823 enim
1765 1748 2218 1846 praemunitionem

440 1851 558 1941 omisit,
584 1862 673 1923 recte
698 1854 902 1923 Ηιιιιιαιιιινι
929 1850 1014 1939 dicit,
1050 1875 1114 1923 non
1142 1851 1229 1946 quod
1255 1877 1328 1923 eum
1356 1876 1418 1921 non
1445 1850 1581 1967 legisset
1607 1851 1705 1925 videri
1732 1876 1865 1923 causam
1893 1852 2002 1941 luisse,
2036 1854 2094 1925 sed
2125 1857 2218 1949 quod

438 1981 480 2029 eo
515 1978 579 2027 non
614 1978 698 2073 opus
733 1952 887 2038 baberet;
920 1952 1057 2046 φίλτρον
1087 1966 1193 2026 autem
1224 1978 1296 2025 cum
1324 1977 1419 2025 omne
1447 1952 1719 2027 incitamentorum
1747 1979 1850 2050 genus
1877 1953 2047 2047 significet,
2081 1960 2218 2051 quoad

440 2081 582 2130 amorem
605 2054 810 2154 potissimum
833 2054 1065 2126 conciliandum
1090 2056 1259 2128 utebantur
1284 2057 1348 2171 (cl,
1360 2055 1516 2127 laetam
1535 2055 1694 2155 Lycopbr.
1715 2082 1747 2153 p.
1755 2058 1833 2127 ἰΙ4
1859 2053 1996 2149 φίλτρον
2011 2057 2122 2151 φιλίαν
2138 2057 2215 2129 ἐπι-

439 2161 597 2231 σπᾶσθαι
617 2157 818 2249 δυνάμενον.
851 2154 936 2229 Xon.
955 2155 1049 2230 Mem.
1069 2158 1104 2245 ll,
1129 2159 1163 2245 6,
1189 2160 1264 2246 l.0J
1297 2158 1444 2230 universe
1471 2158 1619 2231 Deianira
1647 2184 1710 2230 non
1737 2157 1850 2240 κακὰς
1873 2157 2009 2249 τόλμας,
2041 2161 2101 2231 sed
2128 2184 2215 2255 quae

441 2261 527 2335 licita
556 2259 654 2332 babet
679 2258 821 2332 remedia
847 2259 967 2331 amoris
993 2261 1055 2331 hac
1082 2284 1161 2332 voce
1187 2258 1316 2345 indicat,
1351 2261 1467 2356 quibus
1493 2262 1621 2357 quidem
1648 2274 1871 2357 superaturam
1897 2284 1973 2333 sese
1999 2285 2075 2332 esso
2101 2278 2216 2360 sperat

440 2362 613 2451 illecebras
638 2360 710 2434 illas
737 2374 869 2434 tenerae
895 2374 990 2457 atque
1016 2361 1216 2434 amabilis
1190 2362 1322 2461 virginis
1348 2369 1393 2454 (v.
1413 2364 1486 2435 547
1505 2370 1585 2459 sq.J
1628 2362 1811 2454 Φί’λτρα
1804 2364 1898 2456 igitur
1924 2387 1996 2433 curn
2022 2387 2091 2435 sua
2118 2365 2210 2460 quasi

439 2489 526 2538 arma
562 2466 593 2536 in
628 2463 804 2536 certamine
839 2488 911 2535 cum
946 2462 1224 2536 naturalibus
1260 2463 1343 2535 loles
1373 2464 1523 2559 φόΙτροις
1555 2467 1649 2551 dicat,
1684 2464 1832 2536 Deianira
1865 2462 2063 2555 θέλκτρα
2097 2467 2213 2539 eadem

437 2564 592 2666 appellat,
617 2590 688 2637 cum
715 2564 822 2664 qualia
849 2564 903 2637 illa
930 2567 994 2637 sint
1020 2556 1205 2639 indicatura.
1232 2581 1296 2639 tum
1323 2581 1474 2661 quantam
1501 2568 1561 2639 vim
1589 2567 1734 2639 habitura
1761 2566 1825 2638 sint
1849 2569 1892 2639 ad
1914 2567 2115 2640 Herculis
2141 2570 2213 2639 nni·

439 2695 525 2742 mum
557 2668 782 2741 deliniendum.
835 2668 944 2762 ltaque
976 2668 1134 2744 Deianira
1174 2683 1285 2775 utpote
1320 2683 1351 2741 et
1385 2670 1427 2742 de
1458 2670 1570 2742 loles
1604 2671 1752 2764 cogitans
1783 2668 2079 2742 aemulatione
2110 2669 2211 2746 etde

437 2769 644 2845 Herculis
669 2771 800 2842 animo
827 2769 1130 2855 devinciendo,
1157 2796 1241 2866 quae
1266 2771 1307 2842 ad
1336 2770 1422 2844 hunc
1448 2772 1649 2870 potissimum
1676 2770 1847 2868 pertinent,
1874 2771 2019 2869 pluribus
2046 2798 2085 2844 ea
2112 2775 2214 2844 inter·

437 2874 554 2972 positi's
584 2872 692 2945 verbis
725 2872 874 2944 consulto
907 2898 925 2944 a
957 2872 1182 2970 superioribus
1214 2872 1364 2966 seiungit,
1400 2889 1433 2945 ut
1459 2874 1536 2947 ob
1528 2899 1632 2972 rpsarn
1658 2875 1742 2946 hanc
1768 2873 1937 2946 verborum
1964 2871 2213 2947 collocationem

437 3000 502 3048 non
529 2976 712 3073 vituperare
737 2973 914 3046 debeamus
939 2973 1149 3072 Sophoclem,
1185 2975 1244 3047 sed
1271 2988 1370 3047 artem
1398 2977 1469 3048 eius
1495 3003 1535 3049 ac
1561 2977 1752 3075 sapientiam
1778 3000 1962 3073 agnoscere
1988 2988 2021 3047 et
2045 2977 2209 3049 admirari.

435 3077 558 3151 Vocem
584 3074 752 3169 θέλκτρον
777 3088 894 3165 autem,
918 3101 1018 3179 quam
1032 3075 1248 3173 Hesychius
1275 3103 1405 3176 quoque
1432 3079 1538 3195 habet,
1561 3093 1636 3177 apte
1662 3077 1807 3151 adhiberi
1835 3079 1876 3149 ad
1904 3077 2050 3155 vocabuli
2073 3076 2213 3172 φίλτρον

437 3181 498 3250 νΙιιι
525 3177 752 3277 explicandam
785 3204 826 3251 ac
852 3172 1079 3261 deliniendam,
1111 3178 1159 3252 vel
1192 3205 1231 3251 ex
1255 3180 1301 3251 iis
1334 3181 1553 3278 cognoscitur,
1588 3205 1672 3279 quae
1704 3179 1874 3253 coniuncta
1907 3180 2071 3273 leguntur.
2108 3181 2212 3251 θελ·

434 3279 801 3403 κτήριοςέττφθή
826 3279 908 3353 ΡΙιιΙ
928 3279 1006 3353 ΙΙΙοι.
1028 3306 1060 3378 p.
1080 3282 1164 3354 759.
1186 3282 1235 3367 Β.,
1262 3281 1403 3376 φίλτρ’
1427 3280 1712 3378 ἐπῳοῶνΕιιι.
1734 3282 1790 3353 Ph.
1813 3281 1920 3354 1260.
1923 3279 2214 3376 ,φίλτραιιαί

434 3377 738 3478 θελκτήρια
717 3405 854 3474 ερωτος
877 3383 951 3455 Eur.
975 3383 1072 3481 Hipp.
1092 3384 1177 3456 509
1180 3335 1433 3477 ,μείλιγμα
1463 3383 1539 3455 καί
1568 3386 1843 3500 θελκτήριον
1870 3384 1987 3457 hesch.
2013 3382 2101 3454 Eum.
2122 3384 2207 3457 873.

434 3485 476 3557 dt
501 3484 736 3557 inutilissimum
763 3484 996 3556 substantivum
1023 3484 1100 3580 τὴν
1125 3488 1281 3556 παῖθατ
1308 3487 1400 3585 quasi
1427 3513 1515 3577 vero,
1550 3487 1756 3586 quoniamv.
1782 3486 1856 3558 476
1883 3512 1933 3581 sq.
1967 3499 2000 3557 et
2024 3484 2109 3559 545
2138 3486 2210 3558 solo

346 3582 353 3597 '
434 3587 626 3685 pronomine
651 3611 724 3659 eam
750 3586 932 3659 indicarunt
958 3585 1075 3671 Lichae
1102 3600 1134 3660 et
1160 3587 1320 3671 Deianira,
1346 3589 1432 3661 idern
1458 3589 1525 3661 lteri
1554 3590 1673 3687 ubique
1699 3613 1836 3660 necmse
1864 3589 1915 3660 sit.
1963 3582 2078 3673 Quid'l
2105 3612 2210 3661 nonno

433 3689 520 3762 idom
551 3688 668 3762 tietas
704 3689 841 3760 eandem
873 3715 901 3759 v.
927 3688 1012 3762 486.
1048 3689 1109 3785 τὴν
1139 3692 1328 3782 γυναῖκα
1361 3691 1496 3779 dicit,
1489 3717 1626 3790 ipsaque
1658 3691 1806 3763 Deianira
1838 3717 1866 3761 v.
1893 3692 1976 3761 447.
1989 3684 2008 3760 Ι
2056 3690 2209 3762 Nimirum

435 3818 464 3863 v.
483 3791 569 3865 545.
597 3815 671 3863 cum
696 3791 835 3863 addatur
859 3788 910 3872 τίς
932 3788 975 3862 ἂν
999 3790 1108 3887 γυνὴ
1134 3791 1283 3880 δύναιτο,
1315 3793 1504 3886 virginem
1531 3792 1603 3865 solo
1630 3793 1819 3891 pronomine
1845 3791 2071 3907 significari
2045 3818 2095 3862 ιιι
2121 3793 2209 3887 quis-

435 3919 532 3992 quam
558 3905 665 3990 potest
692 3892 816 3980 mirari;
841 3917 869 3963 v.
890 3891 974 3964 476.
1002 3907 1109 3965 autem
1137 3918 1318 3966 sermonem
1342 3894 1443 3967 habes
1470 3896 1639 3967 hominis
1665 3893 1895 3982 verecundi,
1921 3894 1975 3992 qui
1999 3894 2086 3992 apud
2112 3919 2210 3964 uxo·

433 4020 516 4068 rom
534 3993 681 4067 llerculis
699 4007 789 4066 certo
808 3996 935 4066 numine
953 3994 1083 4068 veretur'
1099 3996 1265 4067 nominare
1282 3996 1428 4068 eiusdem
1445 4000 1626 4086 amicam,
1646 4023 1743 4095 quarn
1770 4008 1882 4093 aperte
1905 3995 2088 4093 significare
2112 3995 2208 4066 modo

433 4098 570 4185 nuncius
604 4121 666 4166 non
699 4096 818 4168 veritus
851 4110 911 4168 est.
961 4095 1031 4169 lloc
1057 4122 1133 4169 vero
1165 4096 1238 4169 loco
1265 4123 1328 4169 non
1356 4098 1486 4169 dubium
1514 4112 1574 4186 est,
1606 4099 1682 4195 quin
1714 4124 1818 4170 suae
1848 4096 1935 4169 sibi
1967 4097 2207 4193 dignitatis

432 4200 564 4272 conscia
598 4198 684 4269 lolen
715 4199 822 4269 παῖδα
846 4200 1139 4313 contemptim
1173 4200 1319 4271 Deianira
1353 4200 1450 4288 dicat,
1485 4225 1558 4273 oum
1594 4202 1742 4299 cogitans
1778 4200 1819 4272 de
1852 4213 1962 4273 tenera
1997 4198 2067 4269 eius
2102 4212 2207 4270 aetate

432 4302 490 4394 (ci.
519 4326 548 4372 v.
567 4299 671 4390 547.)
706 4313 773 4371 tum
804 4300 872 4371 suis
899 4300 1022 4373 artibus
1053 4303 1145 4389 freta,
1180 4301 1298 4396 quibus
1325 4304 1502 4375 venustatis
1530 4300 1700 4375 illecebras
1727 4327 1803 4375 sese
1839 4302 1992 4373 victuram
2018 4323 2094 4371 esse
2129 4325 2210 4372 con·

433 4403 512 4476 lidit.
554 4402 698 4497 Denique
725 4401 788 4473 hoc
813 4403 911 4491 addo,
937 4403 1033 4475 etiarn
1058 4354 1146 4502 apud
1173 4401 1383 4503 Shahesp.
1413 4403 1528 4477 0thell.
1549 4406 1570 4495 l,
1599 4405 1631 4476 3.
1662 4403 1742 4503 legi:
1769 4404 1876 4476 Durch
1900 4399 2208 4474 Hexenkiinste

433 4507 496 4577 und
522 4455 990 4591 Quaclrsalbertra'hlre.
1032 4502 1100 4578 Sed
1128 4507 1209 4579 haec
1235 4507 1363 4601 quidem
1391 4508 1557 4579 hactenus.
1589 4549 1633 4559 -
