<?xml version="1.0" encoding="UTF-8"?>
<!DOCTYPE html PUBLIC "-//W3C//DTD XHTML 1.0 Transitional//EN"
    "http://www.w3.org/TR/xhtml1/DTD/xhtml1-transitional.dtd">
<html xmlns="http://www.w3.org/1999/xhtml" xml:lang="en" lang="en">
 <head>
  <title>
</title>
<meta http-equiv="Content-Type" content="text/html;charset=utf-8" />
  <meta name='ocr-system' content='tesseract 3.04.00' />
  <meta name='ocr-capabilities' content='ocr_page ocr_carea ocr_par ocr_line ocrx_word'/>
</head>
<body>
  <div class='ocr_page' id='page_1' title='image "./deubertatiorati00schmgoog_0022.png"; bbox 0 0 4674 5880; ppageno 0'>
   <div class='ocr_carea' id='block_1_1' title="bbox 166 529 2053 1346">
    <p class='ocr_par' dir='ltr' id='par_1_1' title="bbox 166 529 2053 1346">
     <span class='ocr_line' id='line_1_1' title="bbox 281 529 2049 634; baseline -0.001 -23"><span class='ocrx_word' id='word_1_1' title='bbox 281 541 425 611; x_wconf 89' lang='lat' dir='ltr'>ubertate</span> <span class='ocrx_word' id='word_1_2' title='bbox 451 535 612 625; x_wconf 84' lang='lat' dir='ltr'>sermonis</span> <span class='ocrx_word' id='word_1_3' title='bbox 638 534 818 606; x_wconf 86' lang='lat' dir='ltr'>coniuncta.</span> <span class='ocrx_word' id='word_1_4' title='bbox 862 529 1028 605; x_wconf 81' lang='lat' dir='ltr'>llanaruut</span> <span class='ocrx_word' id='word_1_5' title='bbox 1061 534 1143 607; x_wconf 91' lang='lat' dir='ltr'>baec</span> <span class='ocrx_word' id='word_1_6' title='bbox 1172 559 1303 631; x_wconf 89' lang='lat' dir='ltr'>quoque</span> <span class='ocrx_word' id='word_1_7' title='bbox 1335 558 1372 603; x_wconf 80' lang='lat' dir='ltr'>ea</span> <span class='ocrx_word' id='word_1_8' title='bbox 1406 534 1515 629; x_wconf 85' lang='lat' dir='ltr'>prisco</span> <span class='ocrx_word' id='word_1_9' title='bbox 1548 533 1601 605; x_wconf 92' lang='lat' dir='ltr'>illo</span> <span class='ocrx_word' id='word_1_10' title='bbox 1632 535 1737 606; x_wconf 86' lang='lat' dir='ltr'>omnis</span> <span class='ocrx_word' id='word_1_11' title='bbox 1769 551 1901 610; x_wconf 87' lang='lat' dir='ltr'>ornatus</span> <span class='ocrx_word' id='word_1_12' title='bbox 1932 538 2049 634; x_wconf 86' lang='lat' dir='ltr'>poetici</span> 
     </span>
     <span class='ocr_line' id='line_1_2' title="bbox 283 633 2053 729; baseline -0.002 -15"><span class='ocrx_word' id='word_1_13' title='bbox 283 645 378 725; x_wconf 71' lang='lat' dir='ltr'>tonte,</span> <span class='ocrx_word' id='word_1_14' title='bbox 414 640 542 711; x_wconf 82' lang='lat' dir='ltr'>Homeri</span> <span class='ocrx_word' id='word_1_15' title='bbox 574 635 789 717; x_wconf 85' lang='lat' dir='ltr'>carminibus;</span> <span class='ocrx_word' id='word_1_16' title='bbox 823 636 861 706; x_wconf 87' lang='lat' dir='ltr'>cl.</span> <span class='ocrx_word' id='word_1_17' title='bbox 896 633 928 705; x_wconf 92' lang='lat' dir='ltr'>ll.</span> <span class='ocrx_word' id='word_1_18' title='bbox 957 637 1014 723; x_wconf 77' lang='grc'>14,</span> <span class='ocrx_word' id='word_1_19' title='bbox 1044 638 1132 711; x_wconf 81' lang='grc'><strong>154;</strong></span> <span class='ocrx_word' id='word_1_20' title='bbox 1165 636 1265 707; x_wconf 72' lang='lat' dir='ltr'>croc·</span> <span class='ocrx_word' id='word_1_21' title='bbox 1297 634 1340 715; x_wconf 80' lang='grc' dir='ltr'>ἐξ</span> <span class='ocrx_word' id='word_1_22' title='bbox 1363 634 1540 725; x_wconf 72' lang='grc' dir='ltr'><em>’ολόμπυιυ</em></span> <span class='ocrx_word' id='word_1_23' title='bbox 1575 634 1645 707; x_wconf 80' lang='grc' dir='ltr'>ἀπὸ</span> <span class='ocrx_word' id='word_1_24' title='bbox 1675 635 1765 729; x_wconf 74' lang='grc' dir='ltr'><em>βίον.</em></span> <span class='ocrx_word' id='word_1_25' title='bbox 1797 639 1854 728; x_wconf 89' lang='grc'>16,</span> <span class='ocrx_word' id='word_1_26' title='bbox 1888 641 1976 713; x_wconf 77' lang='grc' dir='ltr'>288ι</span> <span class='ocrx_word' id='word_1_27' title='bbox 2011 637 2053 723; x_wconf 70' lang='grc' dir='ltr'>ἐξ</span> 
     </span>
     <span class='ocr_line' id='line_1_3' title="bbox 276 736 2051 837; baseline -0.001 -23"><span class='ocrx_word' id='word_1_28' title='bbox 276 744 479 836; x_wconf 78' lang='grc' dir='ltr'>Ἀμυδῶνος</span> <span class='ocrx_word' id='word_1_29' title='bbox 495 740 557 811; x_wconf 75' lang='grc' dir='ltr'>ἀπ’</span> <span class='ocrx_word' id='word_1_30' title='bbox 573 739 697 818; x_wconf 60' lang='lat' dir='ltr'>&#39;decori</span> <span class='ocrx_word' id='word_1_31' title='bbox 740 736 820 808; x_wconf 89' lang='lat' dir='ltr'>Hinc</span> <span class='ocrx_word' id='word_1_32' title='bbox 844 736 1066 835; x_wconf 80' lang='lat' dir='ltr'>explicandum</span> <span class='ocrx_word' id='word_1_33' title='bbox 1085 737 1301 836; x_wconf 82' lang='lat' dir='ltr'>Sophocleum</span> <span class='ocrx_word' id='word_1_34' title='bbox 1322 737 1402 815; x_wconf 86' lang='lat' dir='ltr'>illud</span> <span class='ocrx_word' id='word_1_35' title='bbox 1416 736 1493 809; x_wconf 82' lang='grc'><strong>00.</strong></span> <span class='ocrx_word' id='word_1_36' title='bbox 1513 738 1628 810; x_wconf 84' lang='lat'><strong>1318:</strong></span> <span class='ocrx_word' id='word_1_37' title='bbox 1651 739 1671 809; x_wconf 89' lang='grc' dir='ltr'><em>ό</em></span> <span class='ocrx_word' id='word_1_38' title='bbox 1690 738 1846 830; x_wconf 87' lang='grc' dir='ltr'><em>πέμπτος</em></span> <span class='ocrx_word' id='word_1_39' title='bbox 1864 742 1894 812; x_wconf 90' lang='grc' dir='ltr'><em>δ</em></span> <span class='ocrx_word' id='word_1_40' title='bbox 1911 740 2051 837; x_wconf 76' lang='grc' dir='ltr'><em>εὔχεται</em></span> 
     </span>
     <span class='ocr_line' id='line_1_4' title="bbox 279 838 2051 938; baseline -0.001 -21"><span class='ocrx_word' id='word_1_41' title='bbox 279 838 643 937; x_wconf 53' lang='lat' dir='ltr'>taraucam-olore</span> <span class='ocrx_word' id='word_1_42' title='bbox 669 839 817 933; x_wconf 66' lang='grc' dir='ltr'><em>δῃώσειν</em></span> <span class='ocrx_word' id='word_1_43' title='bbox 844 839 958 931; x_wconf 79' lang='grc' dir='ltr'><em>πυρί,</em></span> <span class='ocrx_word' id='word_1_44' title='bbox 990 866 1056 938; x_wconf 92' lang='lat' dir='ltr'>quo</span> <span class='ocrx_word' id='word_1_45' title='bbox 1082 840 1257 936; x_wconf 80' lang='lat' dir='ltr'>simplicius</span> <span class='ocrx_word' id='word_1_46' title='bbox 1284 840 1357 911; x_wconf 88' lang='lat' dir='ltr'>Eur.</span> <span class='ocrx_word' id='word_1_47' title='bbox 1384 838 1451 910; x_wconf 86' lang='lat' dir='ltr'>llel.</span> <span class='ocrx_word' id='word_1_48' title='bbox 1481 840 1569 912; x_wconf 85' lang='lat'>196:</span> <span class='ocrx_word' id='word_1_49' title='bbox 1593 838 1688 911; x_wconf 80' lang='grc' dir='ltr'><strong><em>Ἰλίου</em></strong></span> <span class='ocrx_word' id='word_1_50' title='bbox 1715 843 1943 938; x_wconf 68' lang='grc' dir='ltr'><em>καταπαρδν</em></span> <span class='ocrx_word' id='word_1_51' title='bbox 1967 841 2051 936; x_wconf 86' lang='grc' dir='ltr'><em>πυρλ</em></span> 
     </span>
     <span class='ocr_line' id='line_1_5' title="bbox 276 940 2049 1039; baseline -0.001 -20"><span class='ocrx_word' id='word_1_52' title='bbox 276 949 452 1039; x_wconf 75' lang='grc' dir='ltr'><em>μέλουσαν</em></span> <span class='ocrx_word' id='word_1_53' title='bbox 478 940 579 1035; x_wconf 78' lang='grc' dir='ltr'><em>δαΐῳ.</em></span> <span class='ocrx_word' id='word_1_54' title='bbox 610 983 654 993; x_wconf 92' lang='lat'>-·</span> <span class='ocrx_word' id='word_1_55' title='bbox 683 942 730 1011; x_wconf 72' lang='lat' dir='ltr'>li.</span> <span class='ocrx_word' id='word_1_56' title='bbox 758 942 846 1016; x_wconf 83' lang='lat'><strong>310:</strong></span> <span class='ocrx_word' id='word_1_57' title='bbox 873 942 982 1038; x_wconf 77' lang='grc' dir='ltr'><em>κόμην</em></span> <span class='ocrx_word' id='word_1_58' title='bbox 1009 941 1117 1034; x_wconf 75' lang='grc' dir='ltr'><em>ἀπρὶξ</em></span> <span class='ocrx_word' id='word_1_59' title='bbox 1138 941 1249 1024; x_wconf 75' lang='grc' dir='ltr'><em>όνυξι</em></span> <span class='ocrx_word' id='word_1_60' title='bbox 1276 942 1456 1039; x_wconf 88' lang='grc' dir='ltr'><em>συλλαβῶν</em></span> <span class='ocrx_word' id='word_1_61' title='bbox 1472 940 1582 1035; x_wconf 74' lang='grc' dir='ltr'><em>χερό</em></span> <span class='ocrx_word' id='word_1_62' title='bbox 1618 942 1655 1011; x_wconf 90' lang='lat' dir='ltr'>cl.</span> <span class='ocrx_word' id='word_1_63' title='bbox 1680 942 1754 1013; x_wconf 83' lang='lat' dir='ltr'>Eur.</span> <span class='ocrx_word' id='word_1_64' title='bbox 1779 944 1836 1015; x_wconf 89' lang='lat' dir='ltr'>Pb.</span> <span class='ocrx_word' id='word_1_65' title='bbox 1867 944 1977 1020; x_wconf 79' lang='lat'>1374:</span> <span class='ocrx_word' id='word_1_66' title='bbox 2004 944 2049 1017; x_wconf 78' lang='grc' dir='ltr'>ἐκ</span> 
     </span>
     <span class='ocr_line' id='line_1_6' title="bbox 275 1041 2048 1146; baseline 0.004 -34"><span class='ocrx_word' id='word_1_67' title='bbox 275 1043 525 1146; x_wconf 74' lang='grc' dir='ltr'><em>χερὸς-ἀπ’</em></span> <span class='ocrx_word' id='word_1_68' title='bbox 551 1042 724 1138; x_wconf 79' lang='grc' dir='ltr'><em>ὠλένης</em></span> <span class='ocrx_word' id='word_1_69' title='bbox 745 1043 873 1138; x_wconf 77' lang='grc' dir='ltr'><em>βαλεῖν.</em></span> <span class='ocrx_word' id='word_1_70' title='bbox 902 1044 1016 1116; x_wconf 88' lang='lat' dir='ltr'>Bacch.</span> <span class='ocrx_word' id='word_1_71' title='bbox 1036 1046 1126 1118; x_wconf 74' lang='lat'>7672</span> <span class='ocrx_word' id='word_1_72' title='bbox 1153 1045 1303 1137; x_wconf 84' lang='grc' dir='ltr'><em>σταγόνα</em></span> <span class='ocrx_word' id='word_1_73' title='bbox 1329 1044 1358 1115; x_wconf 85' lang='grc' dir='ltr'><em>δ</em></span> <span class='ocrx_word' id='word_1_74' title='bbox 1386 1043 1427 1114; x_wconf 83' lang='grc' dir='ltr'>ἐκ</span> <span class='ocrx_word' id='word_1_75' title='bbox 1453 1041 1915 1140; x_wconf 69' lang='grc' dir='ltr'><em>παρηΐδωνέξεραίδρυνον·</em></span> <span class='ocrx_word' id='word_1_76' title='bbox 1925 1046 2048 1140; x_wconf 88' lang='grc' dir='ltr'><em>χροός,</em></span> 
     </span>
     <span class='ocr_line' id='line_1_7' title="bbox 166 1144 2046 1252; baseline -0.002 -28"><span class='ocrx_word' id='word_1_77' title='bbox 166 1172 169 1177; x_wconf 87' lang='grc'><strong><em>·</em></strong></span> <span class='ocrx_word' id='word_1_78' title='bbox 281 1177 365 1252; x_wconf 89' lang='lat' dir='ltr'>quae</span> <span class='ocrx_word' id='word_1_79' title='bbox 402 1145 604 1218; x_wconf 85' lang='lat' dir='ltr'>Schneidew.</span> <span class='ocrx_word' id='word_1_80' title='bbox 643 1144 734 1217; x_wconf 83' lang='lat' dir='ltr'>allert</span> <span class='ocrx_word' id='word_1_81' title='bbox 774 1145 814 1216; x_wconf 91' lang='lat' dir='ltr'>ad</span> <span class='ocrx_word' id='word_1_82' title='bbox 852 1146 900 1216; x_wconf 89' lang='lat' dir='ltr'>lli.</span> <span class='ocrx_word' id='word_1_83' title='bbox 931 1147 950 1218; x_wconf 90' lang='lat' dir='ltr'>l.</span> <span class='ocrx_word' id='word_1_84' title='bbox 985 1147 1004 1218; x_wconf 85' lang='lat' dir='ltr'>l.</span> <span class='ocrx_word' id='word_1_85' title='bbox 1041 1145 1162 1220; x_wconf 75' lang='lat' dir='ltr'>Similia</span> <span class='ocrx_word' id='word_1_86' title='bbox 1200 1160 1434 1240; x_wconf 81' lang='lat' dir='ltr'>congesserunt</span> <span class='ocrx_word' id='word_1_87' title='bbox 1471 1149 1595 1240; x_wconf 78' lang='grc' dir='ltr'><em>Ρβυρλι.</em></span> <span class='ocrx_word' id='word_1_88' title='bbox 1628 1145 1670 1219; x_wconf 91' lang='lat' dir='ltr'>ad</span> <span class='ocrx_word' id='word_1_89' title='bbox 1711 1146 1784 1218; x_wconf 83' lang='lat' dir='ltr'>Eur.</span> <span class='ocrx_word' id='word_1_90' title='bbox 1814 1148 1908 1220; x_wconf 83' lang='lat' dir='ltr'>llere.</span> <span class='ocrx_word' id='word_1_91' title='bbox 1938 1148 1958 1219; x_wconf 90' lang='lat' dir='ltr'>l.</span> <span class='ocrx_word' id='word_1_92' title='bbox 1989 1149 2046 1221; x_wconf 91' lang='grc'><strong>10.</strong></span> 
     </span>
     <span class='ocr_line' id='line_1_8' title="bbox 283 1246 2049 1346; baseline -0.003 -20"><span class='ocrx_word' id='word_1_93' title='bbox 283 1259 401 1325; x_wconf 79' lang='lat' dir='ltr'>Hense.</span> <span class='ocrx_word' id='word_1_94' title='bbox 429 1248 470 1319; x_wconf 92' lang='lat' dir='ltr'>ad</span> <span class='ocrx_word' id='word_1_95' title='bbox 496 1252 576 1318; x_wconf 89' lang='lat' dir='ltr'>Xen.</span> <span class='ocrx_word' id='word_1_96' title='bbox 606 1247 647 1319; x_wconf 93' lang='lat' dir='ltr'>de</span> <span class='ocrx_word' id='word_1_97' title='bbox 679 1273 747 1345; x_wconf 89' lang='lat' dir='ltr'>rep.</span> <span class='ocrx_word' id='word_1_98' title='bbox 777 1246 851 1319; x_wconf 82' lang='lat' dir='ltr'>lac.</span> <span class='ocrx_word' id='word_1_99' title='bbox 880 1275 912 1346; x_wconf 87' lang='lat' dir='ltr'>p.</span> <span class='ocrx_word' id='word_1_100' title='bbox 940 1250 1000 1322; x_wconf 87' lang='grc'><strong>87.</strong></span> <span class='ocrx_word' id='word_1_101' title='bbox 1040 1254 1157 1322; x_wconf 67' lang='lat' dir='ltr'>linoln.</span> <span class='ocrx_word' id='word_1_102' title='bbox 1186 1247 1221 1321; x_wconf 86' lang='lat' dir='ltr'>S.</span> <span class='ocrx_word' id='word_1_103' title='bbox 1251 1276 1282 1346; x_wconf 85' lang='lat' dir='ltr'>p.</span> <span class='ocrx_word' id='word_1_104' title='bbox 1313 1250 1394 1320; x_wconf 90' lang='grc'><strong>103.</strong></span> <span class='ocrx_word' id='word_1_105' title='bbox 1434 1248 1526 1319; x_wconf 78' lang='lat' dir='ltr'>lodo</span> <span class='ocrx_word' id='word_1_106' title='bbox 1557 1248 1630 1319; x_wconf 86' lang='lat' dir='ltr'>Eur.</span> <span class='ocrx_word' id='word_1_107' title='bbox 1660 1248 1753 1346; x_wconf 88' lang='lat' dir='ltr'>llipp.</span> <span class='ocrx_word' id='word_1_108' title='bbox 1782 1251 1896 1325; x_wconf 80' lang='lat'><strong>1148:</strong></span> <span class='ocrx_word' id='word_1_109' title='bbox 1932 1247 1967 1321; x_wconf 80' lang='grc' dir='ltr'><em>τί</em></span> <span class='ocrx_word' id='word_1_110' title='bbox 1992 1250 2049 1325; x_wconf 87' lang='grc' dir='ltr'>τόν</span> 
     </span>
    </p>
   </div>
   <div class='ocr_carea' id='block_1_2' title="bbox 166 1344 2065 1444">
    <p class='ocr_par' dir='ltr' id='par_1_2' title="bbox 166 1344 2065 1444">
     <span class='ocr_line' id='line_1_9' title="bbox 166 1344 2065 1444; baseline -0.001 -19"><span class='ocrx_word' id='word_1_111' title='bbox 166 1390 176 1407; x_wconf 85' lang='grc'>·</span> <span class='ocrx_word' id='word_1_112' title='bbox 284 1352 396 1427; x_wconf 77' lang='grc' dir='ltr'><em>τάλαν’</em></span> <span class='ocrx_word' id='word_1_113' title='bbox 429 1347 475 1421; x_wconf 85' lang='grc' dir='ltr'>ἐκ</span> <span class='ocrx_word' id='word_1_114' title='bbox 507 1349 710 1442; x_wconf 83' lang='grc' dir='ltr'><em>πατρῴας</em></span> <span class='ocrx_word' id='word_1_115' title='bbox 741 1349 1005 1443; x_wconf 83' lang='grc' dir='ltr'><em>γάς·πέμπετε</em></span> <span class='ocrx_word' id='word_1_116' title='bbox 1039 1353 1154 1423; x_wconf 77' lang='grc' dir='ltr'><em>τῶνδ’</em></span> <span class='ocrx_word' id='word_1_117' title='bbox 1189 1351 1256 1422; x_wconf 79' lang='grc' dir='ltr'>ἀπ’</span> <span class='ocrx_word' id='word_1_118' title='bbox 1291 1348 1427 1439; x_wconf 71' lang='grc' dir='ltr'><em>οἴκων,</em></span> <span class='ocrx_word' id='word_1_119' title='bbox 1463 1347 1531 1423; x_wconf 90' lang='lat' dir='ltr'>llel.</span> <span class='ocrx_word' id='word_1_120' title='bbox 1562 1353 1602 1424; x_wconf 79' lang='lat'>2:</span> <span class='ocrx_word' id='word_1_121' title='bbox 1637 1346 1679 1431; x_wconf 75' lang='lat' dir='ltr'>d&lt;</span> <span class='ocrx_word' id='word_1_122' title='bbox 1702 1348 1868 1444; x_wconf 73' lang='grc' dir='ltr'><em>Αἰγύπτου</em></span> <span class='ocrx_word' id='word_1_123' title='bbox 1904 1344 2065 1427; x_wconf 60' lang='lat' dir='ltr'>utnon?</span> 
     </span>
    </p>
   </div>
   <div class='ocr_carea' id='block_1_3' title="bbox 273 1452 2127 4621">
    <p class='ocr_par' dir='ltr' id='par_1_3' title="bbox 273 1452 2127 4621">
     <span class='ocr_line' id='line_1_10' title="bbox 282 1452 2045 1552; baseline -0.002 -23"><span class='ocrx_word' id='word_1_124' title='bbox 282 1453 432 1550; x_wconf 77' lang='grc' dir='ltr'><em>ὑγραίνει</em></span> <span class='ocrx_word' id='word_1_125' title='bbox 457 1453 574 1546; x_wconf 89' lang='grc' dir='ltr'><em>γόας,</em></span> <span class='ocrx_word' id='word_1_126' title='bbox 602 1452 710 1548; x_wconf 81' lang='lat' dir='ltr'>ibique</span> <span class='ocrx_word' id='word_1_127' title='bbox 739 1455 873 1545; x_wconf 78' lang='grc' dir='ltr'><em>Ρβυρλ..</em></span> <span class='ocrx_word' id='word_1_128' title='bbox 899 1479 918 1526; x_wconf 93' lang='lat' dir='ltr'>a</span> <span class='ocrx_word' id='word_1_129' title='bbox 946 1455 1063 1551; x_wconf 87' lang='lat' dir='ltr'>quibus</span> <span class='ocrx_word' id='word_1_130' title='bbox 1090 1455 1188 1526; x_wconf 87' lang='lat' dir='ltr'>distat</span> <span class='ocrx_word' id='word_1_131' title='bbox 1214 1454 1420 1552; x_wconf 79' lang='lat' dir='ltr'>aliquantum</span> <span class='ocrx_word' id='word_1_132' title='bbox 1446 1475 1516 1523; x_wconf 86' lang='lat' dir='ltr'>curn</span> <span class='ocrx_word' id='word_1_133' title='bbox 1544 1453 1608 1526; x_wconf 88' lang='lat' dir='ltr'>duo</span> <span class='ocrx_word' id='word_1_134' title='bbox 1635 1464 1760 1525; x_wconf 83' lang='lat' dir='ltr'>exstent</span> <span class='ocrx_word' id='word_1_135' title='bbox 1788 1453 1892 1543; x_wconf 79' lang='lat' dir='ltr'>verba,</span> <span class='ocrx_word' id='word_1_136' title='bbox 1918 1453 1986 1552; x_wconf 88' lang='lat' dir='ltr'>lpb.</span> <span class='ocrx_word' id='word_1_137' title='bbox 2008 1454 2045 1527; x_wconf 79' lang='lat' dir='ltr'>A.</span> 
     </span>
     <span class='ocr_line' id='line_1_11' title="bbox 286 1552 2049 1653; baseline 0 -24"><span class='ocrx_word' id='word_1_138' title='bbox 286 1558 379 1629; x_wconf 88' lang='grc'><strong>1068</strong></span> <span class='ocrx_word' id='word_1_139' title='bbox 406 1579 475 1651; x_wconf 77' lang='lat' dir='ltr'>sqz</span> <span class='ocrx_word' id='word_1_140' title='bbox 502 1552 544 1635; x_wconf 80' lang='grc' dir='ltr'><em>ὂς</em></span> <span class='ocrx_word' id='word_1_141' title='bbox 565 1553 641 1647; x_wconf 80' lang='grc' dir='ltr'><em>ἥξει</em></span> <span class='ocrx_word' id='word_1_142' title='bbox 662 1553 1001 1648; x_wconf 75' lang='grc' dir='ltr'><em>χθόνα-Πριάμοιο</em></span> <span class='ocrx_word' id='word_1_143' title='bbox 1026 1557 1159 1627; x_wconf 81' lang='grc' dir='ltr'><em>τιλεινιλν</em></span> <span class='ocrx_word' id='word_1_144' title='bbox 1184 1561 1285 1649; x_wconf 85' lang='grc' dir='ltr'><em>γαῖαν</em></span> <span class='ocrx_word' id='word_1_145' title='bbox 1312 1554 1537 1647; x_wconf 76' lang='grc' dir='ltr'><em>ἐκπυρώσων.</em></span> <span class='ocrx_word' id='word_1_146' title='bbox 1583 1554 1652 1627; x_wconf 89' lang='grc' dir='ltr'>Νου</span> <span class='ocrx_word' id='word_1_147' title='bbox 1679 1554 1817 1628; x_wconf 89' lang='lat' dir='ltr'>debebat</span> <span class='ocrx_word' id='word_1_148' title='bbox 1843 1556 1940 1653; x_wconf 80' lang='lat' dir='ltr'>igitur</span> <span class='ocrx_word' id='word_1_149' title='bbox 1965 1555 2049 1629; x_wconf 92' lang='lat' dir='ltr'>bunc</span> 
     </span>
     <span class='ocr_line' id='line_1_12' title="bbox 284 1656 2050 1756; baseline 0.001 -27"><span class='ocrx_word' id='word_1_150' title='bbox 284 1659 385 1731; x_wconf 92' lang='lat' dir='ltr'>locum</span> <span class='ocrx_word' id='word_1_151' title='bbox 412 1661 530 1729; x_wconf 81' lang='lat' dir='ltr'>Bernb.</span> <span class='ocrx_word' id='word_1_152' title='bbox 556 1658 588 1726; x_wconf 87' lang='lat' dir='ltr'>S.</span> <span class='ocrx_word' id='word_1_153' title='bbox 615 1681 646 1751; x_wconf 91' lang='lat' dir='ltr'>p.</span> <span class='ocrx_word' id='word_1_154' title='bbox 671 1656 731 1727; x_wconf 85' lang='lat'>51.</span> <span class='ocrx_word' id='word_1_155' title='bbox 756 1658 893 1731; x_wconf 81' lang='lat' dir='ltr'>similem</span> <span class='ocrx_word' id='word_1_156' title='bbox 920 1684 1030 1730; x_wconf 90' lang='lat' dir='ltr'>eorum</span> <span class='ocrx_word' id='word_1_157' title='bbox 1058 1659 1188 1744; x_wconf 69' lang='lat' dir='ltr'>ducere,</span> <span class='ocrx_word' id='word_1_158' title='bbox 1220 1684 1304 1756; x_wconf 90' lang='lat' dir='ltr'>quae</span> <span class='ocrx_word' id='word_1_159' title='bbox 1330 1657 1416 1730; x_wconf 79' lang='lat' dir='ltr'><strong>O.C.</strong></span> <span class='ocrx_word' id='word_1_160' title='bbox 1442 1656 1526 1729; x_wconf 88' lang='lat'><strong>668.</strong></span> <span class='ocrx_word' id='word_1_161' title='bbox 1553 1656 1718 1754; x_wconf 76' lang='lat' dir='ltr'>leguntur:</span> <span class='ocrx_word' id='word_1_162' title='bbox 1753 1659 1877 1730; x_wconf 80' lang='grc' dir='ltr'><em>τᾶσδε</em></span> <span class='ocrx_word' id='word_1_163' title='bbox 1902 1657 2050 1753; x_wconf 81' lang='grc' dir='ltr'><em>χώρας</em></span> 
     </span>
     <span class='ocr_line' id='line_1_13' title="bbox 279 1756 2048 1858; baseline 0 -25"><span class='ocrx_word' id='word_1_164' title='bbox 279 1760 352 1833; x_wconf 77' lang='grc' dir='ltr'><em>ἵκου</em></span> <span class='ocrx_word' id='word_1_165' title='bbox 383 1761 425 1830; x_wconf 89' lang='grc' dir='ltr'>τδ</span> <span class='ocrx_word' id='word_1_166' title='bbox 455 1760 620 1850; x_wconf 79' lang='grc' dir='ltr'><em>κράτιστα</em></span> <span class='ocrx_word' id='word_1_167' title='bbox 651 1763 727 1851; x_wconf 87' lang='grc' dir='ltr'>γᾶς</span> <span class='ocrx_word' id='word_1_168' title='bbox 756 1756 901 1832; x_wconf 86' lang='grc' dir='ltr'><em>ἔπαυλα.</em></span> <span class='ocrx_word' id='word_1_169' title='bbox 943 1760 1029 1833; x_wconf 88' lang='lat' dir='ltr'>llaec</span> <span class='ocrx_word' id='word_1_170' title='bbox 1060 1762 1144 1832; x_wconf 89' lang='lat' dir='ltr'>enirn</span> <span class='ocrx_word' id='word_1_171' title='bbox 1176 1761 1292 1832; x_wconf 90' lang='lat' dir='ltr'>merito</span> <span class='ocrx_word' id='word_1_172' title='bbox 1324 1759 1489 1858; x_wconf 89' lang='lat' dir='ltr'>repudiata</span> <span class='ocrx_word' id='word_1_173' title='bbox 1529 1775 1561 1831; x_wconf 89' lang='lat' dir='ltr'>et</span> <span class='ocrx_word' id='word_1_174' title='bbox 1597 1760 1737 1832; x_wconf 75' lang='lat' dir='ltr'>Elmileii</span> <span class='ocrx_word' id='word_1_175' title='bbox 1768 1775 1801 1832; x_wconf 91' lang='lat' dir='ltr'>et</span> <span class='ocrx_word' id='word_1_176' title='bbox 1831 1762 1963 1854; x_wconf 75' lang='lat' dir='ltr'>Rciriqii</span> <span class='ocrx_word' id='word_1_177' title='bbox 1992 1783 2048 1833; x_wconf 77' lang='lat' dir='ltr'>ax·</span> 
     </span>
     <span class='ocr_line' id='line_1_14' title="bbox 278 1860 2047 1962; baseline 0.002 -29"><span class='ocrx_word' id='word_1_178' title='bbox 278 1862 458 1960; x_wconf 71' lang='lat' dir='ltr'>plicatione,</span> <span class='ocrx_word' id='word_1_179' title='bbox 484 1886 548 1958; x_wconf 87' lang='lat' dir='ltr'>qua</span> <span class='ocrx_word' id='word_1_180' title='bbox 575 1860 680 1932; x_wconf 84' lang='lat' dir='ltr'>omnis</span> <span class='ocrx_word' id='word_1_181' title='bbox 704 1864 797 1958; x_wconf 90' lang='lat' dir='ltr'>quasi</span> <span class='ocrx_word' id='word_1_182' title='bbox 824 1864 968 1959; x_wconf 73' lang='lat' dir='ltr'>tragicae</span> <span class='ocrx_word' id='word_1_183' title='bbox 995 1865 1150 1936; x_wconf 84' lang='lat' dir='ltr'>cretionis</span> <span class='ocrx_word' id='word_1_184' title='bbox 1177 1862 1268 1935; x_wconf 93' lang='lat' dir='ltr'>color</span> <span class='ocrx_word' id='word_1_185' title='bbox 1293 1860 1432 1950; x_wconf 77' lang='lat' dir='ltr'>diluitur,</span> <span class='ocrx_word' id='word_1_186' title='bbox 1458 1876 1547 1933; x_wconf 87' lang='lat' dir='ltr'>recte</span> <span class='ocrx_word' id='word_1_187' title='bbox 1574 1860 1753 1938; x_wconf 85' lang='lat' dir='ltr'>enucleavit</span> <span class='ocrx_word' id='word_1_188' title='bbox 1778 1865 1966 1953; x_wconf 70' lang='lat' dir='ltr'>unum,</span> <span class='ocrx_word' id='word_1_189' title='bbox 1991 1862 2047 1962; x_wconf 80' lang='lat' dir='ltr'>qui</span> 
     </span>
     <span class='ocr_line' id='line_1_15' title="bbox 275 1961 2048 2062; baseline 0.001 -26"><span class='ocrx_word' id='word_1_190' title='bbox 275 1979 354 2060; x_wconf 89' lang='lat' dir='ltr'>apte</span> <span class='ocrx_word' id='word_1_191' title='bbox 384 1961 581 2060; x_wconf 90' lang='lat' dir='ltr'>comparavit</span> <span class='ocrx_word' id='word_1_192' title='bbox 604 1962 729 2034; x_wconf 77' lang='lat' dir='ltr'>¹rlesob.</span> <span class='ocrx_word' id='word_1_193' title='bbox 758 1966 865 2037; x_wconf 82' lang='lat' dir='ltr'>Proin.</span> <span class='ocrx_word' id='word_1_194' title='bbox 897 1965 995 2054; x_wconf 78' lang='grc'><strong>432,</strong></span> <span class='ocrx_word' id='word_1_195' title='bbox 1026 1968 1078 2040; x_wconf 95' lang='lat' dir='ltr'>cui</span> <span class='ocrx_word' id='word_1_196' title='bbox 1110 1965 1181 2038; x_wconf 92' lang='lat' dir='ltr'>loco</span> <span class='ocrx_word' id='word_1_197' title='bbox 1210 1963 1415 2038; x_wconf 78' lang='lat' dir='ltr'>Schneidew.</span> <span class='ocrx_word' id='word_1_198' title='bbox 1444 1962 1568 2035; x_wconf 88' lang='lat' dir='ltr'>addidit</span> <span class='ocrx_word' id='word_1_199' title='bbox 1600 1962 1673 2035; x_wconf 88' lang='lat' dir='ltr'>Eur.</span> <span class='ocrx_word' id='word_1_200' title='bbox 1703 1963 1814 2062; x_wconf 85' lang='lat' dir='ltr'>Suppl.</span> <span class='ocrx_word' id='word_1_201' title='bbox 1843 1964 1910 2051; x_wconf 80' lang='lat'>53;</span> <span class='ocrx_word' id='word_1_202' title='bbox 1941 1988 2048 2061; x_wconf 82' lang='lat' dir='ltr'>nequa</span> 
     </span>
     <span class='ocr_line' id='line_1_16' title="bbox 273 2065 2047 2164; baseline 0.001 -27"><span class='ocrx_word' id='word_1_203' title='bbox 273 2066 413 2137; x_wconf 88' lang='lat' dir='ltr'>alienum</span> <span class='ocrx_word' id='word_1_204' title='bbox 445 2076 497 2135; x_wconf 85' lang='lat' dir='ltr'>est</span> <span class='ocrx_word' id='word_1_205' title='bbox 526 2065 673 2137; x_wconf 88' lang='lat' dir='ltr'>coolerre</span> <span class='ocrx_word' id='word_1_206' title='bbox 704 2067 753 2138; x_wconf 80' lang='lat' dir='ltr'>vti.</span> <span class='ocrx_word' id='word_1_207' title='bbox 779 2068 867 2140; x_wconf 86' lang='lat'><strong>309:</strong></span> <span class='ocrx_word' id='word_1_208' title='bbox 904 2065 943 2139; x_wconf 85' lang='grc' dir='ltr'><em>ἐν</em></span> <span class='ocrx_word' id='word_1_209' title='bbox 977 2069 1011 2138; x_wconf 76' lang='grc' dir='ltr'><em>δ’</em></span> <span class='ocrx_word' id='word_1_210' title='bbox 1038 2067 1269 2161; x_wconf 80' lang='grc' dir='ltr'><em>ἐρειπίοις</em></span> <span class='ocrx_word' id='word_1_211' title='bbox 1296 2072 1490 2158; x_wconf 84' lang='grc' dir='ltr'><em>νεκρῶν·</em></span> <span class='ocrx_word' id='word_1_212' title='bbox 1522 2070 1622 2160; x_wconf 85' lang='lat' dir='ltr'>[quae</span> <span class='ocrx_word' id='word_1_213' title='bbox 1650 2090 1744 2139; x_wconf 92' lang='lat' dir='ltr'>unum</span> <span class='ocrx_word' id='word_1_214' title='bbox 1772 2067 1864 2164; x_wconf 85' lang='lat' dir='ltr'>quasi</span> <span class='ocrx_word' id='word_1_215' title='bbox 1890 2065 2047 2157; x_wconf 83' lang='lat' dir='ltr'>efficiunt)</span> 
     </span>
     <span class='ocr_line' id='line_1_17' title="bbox 274 2165 2048 2266; baseline 0.003 -28"><span class='ocrx_word' id='word_1_216' title='bbox 274 2166 366 2248; x_wconf 74' lang='grc' dir='ltr'><em>ἕζετ’</em></span> <span class='ocrx_word' id='word_1_217' title='bbox 400 2165 590 2258; x_wconf 78' lang='grc' dir='ltr'><em>ἀρνείου</em></span> <span class='ocrx_word' id='word_1_218' title='bbox 623 2168 773 2262; x_wconf 88' lang='grc' dir='ltr'><em>φόνου.</em></span> <span class='ocrx_word' id='word_1_219' title='bbox 820 2168 904 2241; x_wconf 83' lang='lat' dir='ltr'>Sunt</span> <span class='ocrx_word' id='word_1_220' title='bbox 943 2197 1019 2244; x_wconf 89' lang='lat' dir='ltr'>vero</span> <span class='ocrx_word' id='word_1_221' title='bbox 1059 2175 1091 2243; x_wconf 91' lang='lat' dir='ltr'>in</span> <span class='ocrx_word' id='word_1_222' title='bbox 1133 2172 1195 2244; x_wconf 91' lang='lat' dir='ltr'>boc</span> <span class='ocrx_word' id='word_1_223' title='bbox 1229 2169 1316 2266; x_wconf 92' lang='lat' dir='ltr'>quod</span> <span class='ocrx_word' id='word_1_224' title='bbox 1352 2183 1526 2241; x_wconf 78' lang='lat' dir='ltr'>tractamus</span> <span class='ocrx_word' id='word_1_225' title='bbox 1560 2193 1682 2264; x_wconf 82' lang='lat' dir='ltr'>genere</span> <span class='ocrx_word' id='word_1_226' title='bbox 1714 2170 1794 2242; x_wconf 89' lang='lat' dir='ltr'>baec</span> <span class='ocrx_word' id='word_1_227' title='bbox 1830 2167 2048 2247; x_wconf 71' lang='lat' dir='ltr'>numerandae</span> 
     </span>
     <span class='ocr_line' id='line_1_18' title="bbox 274 2264 2047 2367; baseline 0.003 -27"><span class='ocrx_word' id='word_1_228' title='bbox 274 2269 330 2340; x_wconf 79' lang='lat' dir='ltr'>Tr.</span> <span class='ocrx_word' id='word_1_229' title='bbox 358 2269 448 2343; x_wconf 84' lang='lat'>689:</span> <span class='ocrx_word' id='word_1_230' title='bbox 480 2264 603 2363; x_wconf 83' lang='grc' dir='ltr'><em>ἔχρισα</em></span> <span class='ocrx_word' id='word_1_231' title='bbox 630 2270 697 2361; x_wconf 81' lang='grc' dir='ltr'><em>μὲν</em></span> <span class='ocrx_word' id='word_1_232' title='bbox 727 2272 814 2343; x_wconf 76' lang='grc' dir='ltr'><em>κατ’</em></span> <span class='ocrx_word' id='word_1_233' title='bbox 844 2269 959 2345; x_wconf 76' lang='grc' dir='ltr'><em>οἷκον</em></span> <span class='ocrx_word' id='word_1_234' title='bbox 991 2273 1035 2345; x_wconf 86' lang='grc' dir='ltr'><em>ἐν</em></span> <span class='ocrx_word' id='word_1_235' title='bbox 1065 2275 1225 2364; x_wconf 87' lang='grc' dir='ltr'><em>δόμοις,</em></span> <span class='ocrx_word' id='word_1_236' title='bbox 1262 2297 1344 2367; x_wconf 90' lang='lat' dir='ltr'>quae</span> <span class='ocrx_word' id='word_1_237' title='bbox 1374 2295 1445 2341; x_wconf 88' lang='lat' dir='ltr'>curn</span> <span class='ocrx_word' id='word_1_238' title='bbox 1478 2270 1683 2343; x_wconf 83' lang='lat' dir='ltr'>vebemeuter</span> <span class='ocrx_word' id='word_1_239' title='bbox 1715 2272 1874 2345; x_wconf 79' lang='lat' dir='ltr'>Wunderc</span> <span class='ocrx_word' id='word_1_240' title='bbox 1904 2269 1989 2362; x_wconf 78' lang='lat' dir='ltr'>(Em.</span> <span class='ocrx_word' id='word_1_241' title='bbox 2014 2273 2047 2345; x_wconf 91' lang='lat' dir='ltr'>in</span> 
     </span>
     <span class='ocr_line' id='line_1_19' title="bbox 275 2370 2049 2474; baseline 0.001 -32"><span class='ocrx_word' id='word_1_242' title='bbox 275 2370 330 2443; x_wconf 85' lang='lat' dir='ltr'>Tr.</span> <span class='ocrx_word' id='word_1_243' title='bbox 357 2397 386 2466; x_wconf 92' lang='lat' dir='ltr'>p.</span> <span class='ocrx_word' id='word_1_244' title='bbox 409 2372 508 2461; x_wconf 81' lang='grc'><strong>198.)</strong></span> <span class='ocrx_word' id='word_1_245' title='bbox 542 2370 794 2468; x_wconf 80' lang='lat' dir='ltr'>displicuissent,</span> <span class='ocrx_word' id='word_1_246' title='bbox 826 2375 869 2447; x_wconf 94' lang='lat' dir='ltr'>ita</span> <span class='ocrx_word' id='word_1_247' title='bbox 900 2376 1070 2474; x_wconf 85' lang='lat' dir='ltr'>explicavit</span> <span class='ocrx_word' id='word_1_248' title='bbox 1099 2374 1316 2464; x_wconf 67' lang='lat' dir='ltr'>Schneider„</span> <span class='ocrx_word' id='word_1_249' title='bbox 1350 2388 1384 2445; x_wconf 89' lang='lat' dir='ltr'>ut</span> <span class='ocrx_word' id='word_1_250' title='bbox 1414 2387 1447 2445; x_wconf 90' lang='lat' dir='ltr'>et</span> <span class='ocrx_word' id='word_1_251' title='bbox 1473 2374 1563 2445; x_wconf 75' lang='lat' dir='ltr'>Antii</span> <span class='ocrx_word' id='word_1_252' title='bbox 1588 2371 1687 2463; x_wconf 75' lang='lat' dir='ltr'>(Phil.</span> <span class='ocrx_word' id='word_1_253' title='bbox 1705 2371 1756 2443; x_wconf 89' lang='lat' dir='ltr'>lV.</span> <span class='ocrx_word' id='word_1_254' title='bbox 1779 2400 1812 2473; x_wconf 88' lang='lat' dir='ltr'>p.</span> <span class='ocrx_word' id='word_1_255' title='bbox 1832 2372 1937 2462; x_wconf 88' lang='grc'><strong>574.)</strong></span> <span class='ocrx_word' id='word_1_256' title='bbox 1967 2398 2049 2471; x_wconf 54' lang='lat' dir='ltr'>cong</span> 
     </span>
     <span class='ocr_line' id='line_1_20' title="bbox 275 2473 2047 2575; baseline 0.003 -32"><span class='ocrx_word' id='word_1_257' title='bbox 275 2474 417 2547; x_wconf 87' lang='lat' dir='ltr'>iectura:</span> <span class='ocrx_word' id='word_1_258' title='bbox 444 2478 625 2568; x_wconf 79' lang='grc' dir='ltr'><em>μυχοῖς,</em></span> <span class='ocrx_word' id='word_1_259' title='bbox 659 2491 693 2548; x_wconf 90' lang='lat' dir='ltr'>et</span> <span class='ocrx_word' id='word_1_260' title='bbox 725 2480 905 2575; x_wconf 74' lang='lat' dir='ltr'>Diodorfiir</span> <span class='ocrx_word' id='word_1_261' title='bbox 938 2478 1139 2565; x_wconf 83' lang='grc' dir='ltr'><em>ἐνδυτόν,</em></span> <span class='ocrx_word' id='word_1_262' title='bbox 1173 2491 1206 2549; x_wconf 92' lang='lat' dir='ltr'>et</span> <span class='ocrx_word' id='word_1_263' title='bbox 1236 2479 1375 2565; x_wconf 74' lang='lat' dir='ltr'>Broraiii</span> <span class='ocrx_word' id='word_1_264' title='bbox 1404 2475 1502 2565; x_wconf 77' lang='lat' dir='ltr'>(Anu.</span> <span class='ocrx_word' id='word_1_265' title='bbox 1527 2473 1604 2573; x_wconf 85' lang='lat' dir='ltr'>phil</span> <span class='ocrx_word' id='word_1_266' title='bbox 1624 2473 1693 2546; x_wconf 89' lang='lat' dir='ltr'>Vol.</span> <span class='ocrx_word' id='word_1_267' title='bbox 1712 2476 1772 2550; x_wconf 90' lang='grc'>81.</span> <span class='ocrx_word' id='word_1_268' title='bbox 1798 2502 1830 2572; x_wconf 91' lang='lat' dir='ltr'>p.</span> <span class='ocrx_word' id='word_1_269' title='bbox 1851 2475 1935 2549; x_wconf 90' lang='grc'><strong>701.</strong></span> <span class='ocrx_word' id='word_1_270' title='bbox 1954 2479 2047 2572; x_wconf 81' lang='lat' dir='ltr'>aq.):</span> 
     </span>
     <span class='ocr_line' id='line_1_21' title="bbox 275 2571 2049 2674; baseline 0.001 -29"><span class='ocrx_word' id='word_1_271' title='bbox 275 2575 366 2647; x_wconf 82' lang='grc' dir='ltr'><em>τόδ’</em></span> <span class='ocrx_word' id='word_1_272' title='bbox 405 2571 536 2646; x_wconf 85' lang='grc' dir='ltr'><em>ἔνδον</em></span> <span class='ocrx_word' id='word_1_273' title='bbox 575 2577 666 2650; x_wconf 88' lang='lat' dir='ltr'>lacile</span> <span class='ocrx_word' id='word_1_274' title='bbox 700 2598 882 2652; x_wconf 82' lang='lat' dir='ltr'>careamus.</span> <span class='ocrx_word' id='word_1_275' title='bbox 932 2581 1116 2654; x_wconf 86' lang='lat' dir='ltr'>Patrocinio</span> <span class='ocrx_word' id='word_1_276' title='bbox 1152 2580 1236 2652; x_wconf 90' lang='lat' dir='ltr'>enim</span> <span class='ocrx_word' id='word_1_277' title='bbox 1274 2592 1349 2651; x_wconf 86' lang='lat' dir='ltr'>sunt</span> <span class='ocrx_word' id='word_1_278' title='bbox 1384 2577 1530 2650; x_wconf 87' lang='lat' dir='ltr'>codicum</span> <span class='ocrx_word' id='word_1_279' title='bbox 1570 2576 1751 2674; x_wconf 75' lang='lat' dir='ltr'>scripturae</span> <span class='ocrx_word' id='word_1_280' title='bbox 1788 2591 1821 2651; x_wconf 83' lang='lat' dir='ltr'>et</span> <span class='ocrx_word' id='word_1_281' title='bbox 1854 2576 2049 2657; x_wconf 75' lang='lat' dir='ltr'>Tbeocvitee¹</span> 
     </span>
     <span class='ocr_line' id='line_1_22' title="bbox 276 2677 2047 2782; baseline 0.003 -34"><span class='ocrx_word' id='word_1_282' title='bbox 276 2679 324 2749; x_wconf 90' lang='lat' dir='ltr'>ld.</span> <span class='ocrx_word' id='word_1_283' title='bbox 347 2679 487 2767; x_wconf 80' lang='grc'><strong>17,18;</strong></span> <span class='ocrx_word' id='word_1_284' title='bbox 512 2678 622 2771; x_wconf 85' lang='grc' dir='ltr'><em>δόμος</em></span> <span class='ocrx_word' id='word_1_285' title='bbox 645 2679 683 2751; x_wconf 88' lang='grc' dir='ltr'><em>ἐν</em></span> <span class='ocrx_word' id='word_1_286' title='bbox 700 2680 779 2762; x_wconf 84' lang='grc' dir='ltr'><em>Διός</em></span> <span class='ocrx_word' id='word_1_287' title='bbox 802 2679 900 2777; x_wconf 77' lang='grc' dir='ltr'><em>οἴκῳ,</em></span> <span class='ocrx_word' id='word_1_288' title='bbox 927 2709 1121 2782; x_wconf 90' lang='lat' dir='ltr'>quamquam</span> <span class='ocrx_word' id='word_1_289' title='bbox 1147 2682 1230 2754; x_wconf 88' lang='lat' dir='ltr'>baec</span> <span class='ocrx_word' id='word_1_290' title='bbox 1256 2681 1328 2779; x_wconf 87' lang='lat' dir='ltr'>ipsa</span> <span class='ocrx_word' id='word_1_291' title='bbox 1351 2706 1415 2753; x_wconf 92' lang='lat' dir='ltr'>non</span> <span class='ocrx_word' id='word_1_292' title='bbox 1440 2679 1571 2753; x_wconf 88' lang='lat' dir='ltr'>lereoda</span> <span class='ocrx_word' id='word_1_293' title='bbox 1595 2678 1684 2750; x_wconf 84' lang='lat' dir='ltr'>duxit</span> <span class='ocrx_word' id='word_1_294' title='bbox 1705 2682 1835 2773; x_wconf 62' lang='lat' dir='ltr'>Brrplr„</span> <span class='ocrx_word' id='word_1_295' title='bbox 1856 2678 1911 2776; x_wconf 89' lang='lat' dir='ltr'>qui</span> <span class='ocrx_word' id='word_1_296' title='bbox 1935 2677 2047 2753; x_wconf 85' lang='lat' dir='ltr'>dubito</span> 
     </span>
     <span class='ocr_line' id='line_1_23' title="bbox 273 2779 2044 2876; baseline 0.001 -25"><span class='ocrx_word' id='word_1_297' title='bbox 273 2805 349 2851; x_wconf 90' lang='lat' dir='ltr'>uum</span> <span class='ocrx_word' id='word_1_298' title='bbox 375 2792 465 2851; x_wconf 81' lang='lat' dir='ltr'>recte</span> <span class='ocrx_word' id='word_1_299' title='bbox 489 2783 675 2856; x_wconf 86' lang='lat' dir='ltr'>coniecerit:</span> <span class='ocrx_word' id='word_1_300' title='bbox 702 2783 840 2876; x_wconf 73' lang='grc' dir='ltr'><em>θρόνος,</em></span> <span class='ocrx_word' id='word_1_301' title='bbox 867 2799 899 2856; x_wconf 92' lang='lat' dir='ltr'>et</span> <span class='ocrx_word' id='word_1_302' title='bbox 924 2785 998 2856; x_wconf 85' lang='lat' dir='ltr'>Eur.</span> <span class='ocrx_word' id='word_1_303' title='bbox 1019 2786 1077 2857; x_wconf 88' lang='lat' dir='ltr'>Pb.</span> <span class='ocrx_word' id='word_1_304' title='bbox 1101 2785 1189 2858; x_wconf 82' lang='lat'><strong>193:</strong></span> <span class='ocrx_word' id='word_1_305' title='bbox 1215 2783 1327 2855; x_wconf 81' lang='grc' dir='ltr'><em>κατὰ</em></span> <span class='ocrx_word' id='word_1_306' title='bbox 1352 2781 1520 2876; x_wconf 81' lang='grc' dir='ltr'><em>στέγας</em></span> <span class='ocrx_word' id='word_1_307' title='bbox 1542 2779 1588 2851; x_wconf 82' lang='grc' dir='ltr'><em>ἐν</em></span> <span class='ocrx_word' id='word_1_308' title='bbox 1614 2785 1900 2873; x_wconf 82' lang='grc' dir='ltr'><em>παρθενῶσι,</em></span> <span class='ocrx_word' id='word_1_309' title='bbox 1932 2792 1967 2855; x_wconf 78' lang='lat' dir='ltr'>et</span> <span class='ocrx_word' id='word_1_310' title='bbox 1992 2779 2044 2853; x_wconf 92' lang='lat' dir='ltr'>alii</span> 
     </span>
     <span class='ocr_line' id='line_1_24' title="bbox 275 2879 2045 2982; baseline 0.002 -30"><span class='ocrx_word' id='word_1_311' title='bbox 275 2883 362 2953; x_wconf 89' lang='lat' dir='ltr'>baud</span> <span class='ocrx_word' id='word_1_312' title='bbox 385 2881 558 2955; x_wconf 87' lang='lat' dir='ltr'>dissimiles</span> <span class='ocrx_word' id='word_1_313' title='bbox 582 2880 655 2975; x_wconf 88' lang='lat' dir='ltr'>loci,</span> <span class='ocrx_word' id='word_1_314' title='bbox 683 2899 717 2961; x_wconf 89' lang='lat' dir='ltr'>ut</span> <span class='ocrx_word' id='word_1_315' title='bbox 737 2885 812 2958; x_wconf 86' lang='lat' dir='ltr'>Crit</span> <span class='ocrx_word' id='word_1_316' title='bbox 833 2887 870 2958; x_wconf 81' lang='grc' dir='ltr'>[ι.</span> <span class='ocrx_word' id='word_1_317' title='bbox 890 2887 925 2975; x_wconf 86' lang='grc'>5,</span> <span class='ocrx_word' id='word_1_318' title='bbox 950 2891 994 2962; x_wconf 80' lang='lat'>2:</span> <span class='ocrx_word' id='word_1_319' title='bbox 1019 2887 1174 2959; x_wconf 85' lang='grc' dir='ltr'><em>σόνυυιον</em></span> <span class='ocrx_word' id='word_1_320' title='bbox 1198 2884 1236 2958; x_wconf 88' lang='grc' dir='ltr'><em>ἐν</em></span> <span class='ocrx_word' id='word_1_321' title='bbox 1257 2884 1387 2976; x_wconf 88' lang='grc' dir='ltr'><em>δόμοις,</em></span> <span class='ocrx_word' id='word_1_322' title='bbox 1410 2881 1511 2982; x_wconf 92' lang='lat' dir='ltr'>Sopb.</span> <span class='ocrx_word' id='word_1_323' title='bbox 1532 2882 1609 2956; x_wconf 82' lang='lat' dir='ltr'><strong>O.C.</strong></span> <span class='ocrx_word' id='word_1_324' title='bbox 1632 2885 1697 2957; x_wconf 86' lang='lat'>18:</span> <span class='ocrx_word' id='word_1_325' title='bbox 1724 2879 1806 2955; x_wconf 78' lang='grc' dir='ltr'><em>εἴσω</em></span> <span class='ocrx_word' id='word_1_326' title='bbox 1830 2881 1906 2955; x_wconf 75' lang='grc' dir='ltr'><em>κατ’</em></span> <span class='ocrx_word' id='word_1_327' title='bbox 1928 2880 2045 2975; x_wconf 82' lang='grc' dir='ltr'><em>αὐτόν,</em></span> 
     </span>
     <span class='ocr_line' id='line_1_25' title="bbox 275 2981 2046 3081; baseline -0.001 -25"><span class='ocrx_word' id='word_1_328' title='bbox 275 2985 306 3055; x_wconf 92' lang='lat' dir='ltr'>b.</span> <span class='ocrx_word' id='word_1_329' title='bbox 332 3009 362 3056; x_wconf 89' lang='lat' dir='ltr'>e.</span> <span class='ocrx_word' id='word_1_330' title='bbox 386 2990 422 3056; x_wconf 81' lang='lat' dir='ltr'>in</span> <span class='ocrx_word' id='word_1_331' title='bbox 440 2988 549 3057; x_wconf 82' lang='lat' dir='ltr'>intimo</span> <span class='ocrx_word' id='word_1_332' title='bbox 567 3012 702 3062; x_wconf 73' lang='lat' dir='ltr'>minore.</span> <span class='ocrx_word' id='word_1_333' title='bbox 731 2987 805 3059; x_wconf 86' lang='lat' dir='ltr'>Eur.</span> <span class='ocrx_word' id='word_1_334' title='bbox 825 2988 879 3060; x_wconf 80' lang='lat' dir='ltr'>l&#39;r.</span> <span class='ocrx_word' id='word_1_335' title='bbox 895 2990 988 3066; x_wconf 78' lang='lat'>645:</span> <span class='ocrx_word' id='word_1_336' title='bbox 1015 2989 1055 3061; x_wconf 91' lang='grc' dir='ltr'><em>ἐν</em></span> <span class='ocrx_word' id='word_1_337' title='bbox 1069 2990 1191 3081; x_wconf 88' lang='grc' dir='ltr'><em>δόμοις</em></span> <span class='ocrx_word' id='word_1_338' title='bbox 1205 2984 1288 3059; x_wconf 82' lang='grc' dir='ltr'><em>εἴσω</em></span> <span class='ocrx_word' id='word_1_339' title='bbox 1302 2987 1504 3079; x_wconf 83' lang='grc' dir='ltr'><em>μελόόρων.</em></span> <span class='ocrx_word' id='word_1_340' title='bbox 1525 2983 1593 3058; x_wconf 79' lang='lat' dir='ltr'>Alc.</span> <span class='ocrx_word' id='word_1_341' title='bbox 1614 2985 1702 3060; x_wconf 83' lang='grc' dir='ltr'>43οι</span> <span class='ocrx_word' id='word_1_342' title='bbox 1730 2982 1778 3057; x_wconf 77' lang='lat' dir='ltr'>ab</span> <span class='ocrx_word' id='word_1_343' title='bbox 1792 2981 1889 3058; x_wconf 82' lang='grc' dir='ltr'><em>Ἀΐδα</em></span> <span class='ocrx_word' id='word_1_344' title='bbox 1906 2983 2046 3077; x_wconf 79' lang='grc' dir='ltr'><em>δόμοι·</em></span> 
     </span>
     <span class='ocr_line' id='line_1_26' title="bbox 273 3085 2046 3191; baseline 0.001 -33"><span class='ocrx_word' id='word_1_345' title='bbox 273 3111 335 3158; x_wconf 89' lang='grc' dir='ltr'>σιν</span> <span class='ocrx_word' id='word_1_346' title='bbox 359 3087 416 3158; x_wconf 89' lang='grc' dir='ltr'>τδν</span> <span class='ocrx_word' id='word_1_347' title='bbox 437 3086 575 3159; x_wconf 78' lang='grc' dir='ltr'><em>ἀνάλιον</em></span> <span class='ocrx_word' id='word_1_348' title='bbox 597 3086 710 3161; x_wconf 77' lang='grc' dir='ltr'><em>οἶκον</em></span> <span class='ocrx_word' id='word_1_349' title='bbox 733 3088 928 3174; x_wconf 76' lang='grc' dir='ltr'><em>οδιετεόοις.</em></span> <span class='ocrx_word' id='word_1_350' title='bbox 970 3092 1074 3191; x_wconf 77' lang='lat' dir='ltr'>Atque</span> <span class='ocrx_word' id='word_1_351' title='bbox 1101 3092 1128 3163; x_wconf 91' lang='lat' dir='ltr'>si</span> <span class='ocrx_word' id='word_1_352' title='bbox 1156 3090 1220 3162; x_wconf 79' lang='lat' dir='ltr'>Alc.</span> <span class='ocrx_word' id='word_1_353' title='bbox 1241 3090 1333 3164; x_wconf 83' lang='lat'><strong>852:</strong></span> <span class='ocrx_word' id='word_1_354' title='bbox 1359 3087 1411 3172; x_wconf 72' lang='lat' dir='ltr'>el&lt;</span> <span class='ocrx_word' id='word_1_355' title='bbox 1434 3086 1590 3185; x_wconf 80' lang='grc' dir='ltr'><em>δνηλίους</em></span> <span class='ocrx_word' id='word_1_356' title='bbox 1617 3086 1748 3180; x_wconf 86' lang='grc' dir='ltr'><em>δόμους</em></span> <span class='ocrx_word' id='word_1_357' title='bbox 1770 3085 1945 3161; x_wconf 88' lang='lat' dir='ltr'>contuleris</span> <span class='ocrx_word' id='word_1_358' title='bbox 1970 3111 2046 3161; x_wconf 88' lang='lat' dir='ltr'>com</span> 
     </span>
     <span class='ocr_line' id='line_1_27' title="bbox 275 3188 2045 3289; baseline 0.001 -29"><span class='ocrx_word' id='word_1_359' title='bbox 275 3190 367 3261; x_wconf 87' lang='lat' dir='ltr'>llere.</span> <span class='ocrx_word' id='word_1_360' title='bbox 389 3191 408 3259; x_wconf 87' lang='lat' dir='ltr'>i.</span> <span class='ocrx_word' id='word_1_361' title='bbox 430 3190 521 3263; x_wconf 84' lang='lat'><strong>607:</strong></span> <span class='ocrx_word' id='word_1_362' title='bbox 549 3188 591 3270; x_wconf 77' lang='grc' dir='ltr'>ἐξ</span> <span class='ocrx_word' id='word_1_363' title='bbox 605 3190 752 3288; x_wconf 73' lang='grc' dir='ltr'><em>ἀνηλίων</em></span> <span class='ocrx_word' id='word_1_364' title='bbox 765 3198 887 3288; x_wconf 86' lang='grc' dir='ltr'><em>μυχῶν</em></span> <span class='ocrx_word' id='word_1_365' title='bbox 905 3207 938 3267; x_wconf 84' lang='lat' dir='ltr'>et</span> <span class='ocrx_word' id='word_1_366' title='bbox 954 3194 1080 3268; x_wconf 81' lang='lat' dir='ltr'>lleracl.</span> <span class='ocrx_word' id='word_1_367' title='bbox 1101 3195 1193 3266; x_wconf 78' lang='lat'><strong>218:</strong></span> <span class='ocrx_word' id='word_1_368' title='bbox 1220 3190 1537 3287; x_wconf 69' lang='grc' dir='ltr'><em>ἐρεμνῶνμοχῶν,</em></span> <span class='ocrx_word' id='word_1_369' title='bbox 1564 3188 1674 3282; x_wconf 89' lang='grc' dir='ltr'><em>δόμος</em></span> <span class='ocrx_word' id='word_1_370' title='bbox 1687 3189 1859 3288; x_wconf 84' lang='lat' dir='ltr'>apparebit</span> <span class='ocrx_word' id='word_1_371' title='bbox 1873 3200 1951 3288; x_wconf 87' lang='lat' dir='ltr'>apte</span> <span class='ocrx_word' id='word_1_372' title='bbox 1967 3188 2045 3289; x_wconf 87' lang='lat' dir='ltr'>poni</span> 
     </span>
     <span class='ocr_line' id='line_1_28' title="bbox 274 3291 2127 3390; baseline -0.001 -26"><span class='ocrx_word' id='word_1_373' title='bbox 274 3293 315 3364; x_wconf 87' lang='lat' dir='ltr'>ad</span> <span class='ocrx_word' id='word_1_374' title='bbox 334 3291 580 3390; x_wconf 78' lang='lat' dir='ltr'>significandum</span> <span class='ocrx_word' id='word_1_375' title='bbox 599 3293 782 3368; x_wconf 87' lang='lat' dir='ltr'>interiorem</span> <span class='ocrx_word' id='word_1_376' title='bbox 799 3295 927 3368; x_wconf 87' lang='lat' dir='ltr'>aedium</span> <span class='ocrx_word' id='word_1_377' title='bbox 945 3321 1121 3370; x_wconf 83' lang='lat' dir='ltr'>recessum</span> <span class='ocrx_word' id='word_1_378' title='bbox 1158 3295 1390 3367; x_wconf 80' lang='lat' dir='ltr'>Praetereacl.</span> <span class='ocrx_word' id='word_1_379' title='bbox 1411 3293 1478 3366; x_wconf 91' lang='lat' dir='ltr'>Cic.</span> <span class='ocrx_word' id='word_1_380' title='bbox 1498 3292 1627 3365; x_wconf 86' lang='lat' dir='ltr'>desen.</span> <span class='ocrx_word' id='word_1_381' title='bbox 1647 3294 1682 3383; x_wconf 87' lang='grc'>4,</span> <span class='ocrx_word' id='word_1_382' title='bbox 1702 3294 1870 3368; x_wconf 65' lang='lat' dir='ltr'>tazone</span> <span class='ocrx_word' id='word_1_383' title='bbox 1967 3292 1975 3309; x_wconf 80' lang='lat'><strong>‘</strong></span> <span class='ocrx_word' id='word_1_384' title='bbox 2036 3342 2047 3378; x_wconf 94' lang='lat'>,</span> <span class='ocrx_word' id='word_1_385' title='bbox 2122 3302 2127 3315; x_wconf 86' lang='lat'><strong><em>‘</em></strong></span> 
     </span>
     <span class='ocr_line' id='line_1_29' title="bbox 274 3392 2044 3497; baseline 0.001 -32"><span class='ocrx_word' id='word_1_386' title='bbox 274 3396 333 3465; x_wconf 79' lang='lat' dir='ltr'>(lv.</span> <span class='ocrx_word' id='word_1_387' title='bbox 353 3392 426 3467; x_wconf 75' lang='lat' dir='ltr'>Met</span> <span class='ocrx_word' id='word_1_388' title='bbox 447 3395 469 3483; x_wconf 86' lang='grc' dir='ltr'>Ι,</span> <span class='ocrx_word' id='word_1_389' title='bbox 489 3395 575 3467; x_wconf 81' lang='lat'>171:</span> <span class='ocrx_word' id='word_1_390' title='bbox 602 3395 671 3469; x_wconf 82' lang='lat' dir='ltr'>Hac</span> <span class='ocrx_word' id='word_1_391' title='bbox 693 3397 755 3471; x_wconf 86' lang='lat' dir='ltr'>iter</span> <span class='ocrx_word' id='word_1_392' title='bbox 777 3410 828 3470; x_wconf 86' lang='lat' dir='ltr'>est</span> <span class='ocrx_word' id='word_1_393' title='bbox 849 3401 979 3497; x_wconf 87' lang='lat' dir='ltr'>superis</span> <span class='ocrx_word' id='word_1_394' title='bbox 1002 3399 1045 3473; x_wconf 90' lang='lat' dir='ltr'>ad</span> <span class='ocrx_word' id='word_1_395' title='bbox 1068 3397 1174 3492; x_wconf 81' lang='lat' dir='ltr'>magni</span> <span class='ocrx_word' id='word_1_396' title='bbox 1197 3412 1279 3470; x_wconf 84' lang='lat' dir='ltr'>tecta</span> <span class='ocrx_word' id='word_1_397' title='bbox 1295 3394 1451 3469; x_wconf 83' lang='lat' dir='ltr'>Tonantis</span> <span class='ocrx_word' id='word_1_398' title='bbox 1472 3398 1672 3490; x_wconf 68' lang='lat' dir='ltr'>requiemque</span> <span class='ocrx_word' id='word_1_399' title='bbox 1695 3398 1834 3468; x_wconf 76' lang='lat' dir='ltr'>domin.</span> <span class='ocrx_word' id='word_1_400' title='bbox 1859 3392 1936 3483; x_wconf 90' lang='lat' dir='ltr'>Vlll‚</span> <span class='ocrx_word' id='word_1_401' title='bbox 1957 3395 1974 3467; x_wconf 89' lang='grc'><strong>1</strong></span> <span class='ocrx_word' id='word_1_402' title='bbox 2034 3418 2044 3467; x_wconf 84' lang='grc' dir='ltr'><em>ι</em></span> 
     </span>
     <span class='ocr_line' id='line_1_30' title="bbox 276 3493 2043 3598; baseline 0.002 -35"><span class='ocrx_word' id='word_1_403' title='bbox 276 3493 503 3594; x_wconf 88' lang='lat' dir='ltr'>llultiplicique</span> <span class='ocrx_word' id='word_1_404' title='bbox 519 3501 614 3581; x_wconf 74' lang='lat' dir='ltr'>donce</span> <span class='ocrx_word' id='word_1_405' title='bbox 632 3499 806 3598; x_wconf 86' lang='lat' dir='ltr'>caecisque</span> <span class='ocrx_word' id='word_1_406' title='bbox 826 3500 991 3574; x_wconf 85' lang='lat' dir='ltr'>includere</span> <span class='ocrx_word' id='word_1_407' title='bbox 1007 3504 1103 3574; x_wconf 80' lang='lat' dir='ltr'>tactir.</span> <span class='ocrx_word' id='word_1_408' title='bbox 1127 3503 1240 3572; x_wconf 79' lang='lat' dir='ltr'>Jacob.</span> <span class='ocrx_word' id='word_1_409' title='bbox 1257 3502 1406 3585; x_wconf 82' lang='lat' dir='ltr'>Quaestt.</span> <span class='ocrx_word' id='word_1_410' title='bbox 1426 3495 1502 3570; x_wconf 81' lang='lat' dir='ltr'>buc.</span> <span class='ocrx_word' id='word_1_411' title='bbox 1524 3523 1556 3596; x_wconf 92' lang='lat' dir='ltr'>p.</span> <span class='ocrx_word' id='word_1_412' title='bbox 1572 3499 1631 3570; x_wconf 81' lang='lat'>22.</span> <span class='ocrx_word' id='word_1_413' title='bbox 1650 3540 1694 3550; x_wconf 93' lang='lat'>—</span> <span class='ocrx_word' id='word_1_414' title='bbox 1710 3497 1806 3586; x_wconf 85' lang='lat' dir='ltr'>Quod</span> <span class='ocrx_word' id='word_1_415' title='bbox 1824 3520 1901 3570; x_wconf 85' lang='lat' dir='ltr'>varo</span> <span class='ocrx_word' id='word_1_416' title='bbox 1918 3494 2043 3571; x_wconf 69' lang='grc'><strong>1165.</strong></span> 
     </span>
     <span class='ocr_line' id='line_1_31' title="bbox 278 3593 2048 3697; baseline 0.005 -33"><span class='ocrx_word' id='word_1_417' title='bbox 278 3593 416 3669; x_wconf 86' lang='lat' dir='ltr'>llinerva</span> <span class='ocrx_word' id='word_1_418' title='bbox 447 3599 563 3692; x_wconf 81' lang='lat' dir='ltr'>exiguo</span> <span class='ocrx_word' id='word_1_419' title='bbox 594 3601 760 3675; x_wconf 89' lang='lat' dir='ltr'>intervallo</span> <span class='ocrx_word' id='word_1_420' title='bbox 792 3600 841 3683; x_wconf 93' lang='grc' dir='ltr'><em>ἐς</em></span> <span class='ocrx_word' id='word_1_421' title='bbox 867 3602 1040 3696; x_wconf 90' lang='grc' dir='ltr'><em>δόμους</em></span> <span class='ocrx_word' id='word_1_422' title='bbox 1067 3616 1100 3676; x_wconf 90' lang='lat' dir='ltr'>et</span> <span class='ocrx_word' id='word_1_423' title='bbox 1129 3601 1225 3674; x_wconf 80' lang='grc' dir='ltr'><em>κατ’</em></span> <span class='ocrx_word' id='word_1_424' title='bbox 1251 3597 1375 3672; x_wconf 76' lang='grc' dir='ltr'><em>οἷκον</em></span> <span class='ocrx_word' id='word_1_425' title='bbox 1405 3599 1494 3688; x_wconf 75' lang='lat' dir='ltr'>dicit,</span> <span class='ocrx_word' id='word_1_426' title='bbox 1524 3624 1588 3673; x_wconf 92' lang='lat' dir='ltr'>non</span> <span class='ocrx_word' id='word_1_427' title='bbox 1621 3599 1715 3673; x_wconf 88' lang='lat' dir='ltr'>video</span> <span class='ocrx_word' id='word_1_428' title='bbox 1746 3598 1898 3697; x_wconf 86' lang='lat' dir='ltr'>equidem</span> <span class='ocrx_word' id='word_1_429' title='bbox 1929 3597 1960 3670; x_wconf 91' lang='lat' dir='ltr'>in</span> <span class='ocrx_word' id='word_1_430' title='bbox 1994 3597 2048 3672; x_wconf 81' lang='lat' dir='ltr'>lis</span> 
     </span>
     <span class='ocr_line' id='line_1_32' title="bbox 275 3697 2048 3800; baseline 0.002 -31"><span class='ocrx_word' id='word_1_431' title='bbox 275 3697 384 3769; x_wconf 90' lang='lat' dir='ltr'>dedita</span> <span class='ocrx_word' id='word_1_432' title='bbox 409 3726 508 3797; x_wconf 89' lang='lat' dir='ltr'>opera</span> <span class='ocrx_word' id='word_1_433' title='bbox 541 3703 721 3800; x_wconf 83' lang='lat' dir='ltr'>quaesitum</span> <span class='ocrx_word' id='word_1_434' title='bbox 747 3703 973 3777; x_wconf 90' lang='lat' dir='ltr'>vocabulorum</span> <span class='ocrx_word' id='word_1_435' title='bbox 1005 3705 1185 3780; x_wconf 79' lang='lat' dir='ltr'>discrimen.</span> <span class='ocrx_word' id='word_1_436' title='bbox 1215 3704 1275 3776; x_wconf 85' lang='lat' dir='ltr'>sed</span> <span class='ocrx_word' id='word_1_437' title='bbox 1303 3703 1476 3776; x_wconf 78' lang='lat' dir='ltr'>variandae</span> <span class='ocrx_word' id='word_1_438' title='bbox 1506 3701 1725 3776; x_wconf 88' lang='lat' dir='ltr'>tantummodo</span> <span class='ocrx_word' id='word_1_439' title='bbox 1756 3700 1913 3775; x_wconf 81' lang='lat' dir='ltr'>orationis</span> <span class='ocrx_word' id='word_1_440' title='bbox 1944 3699 2048 3773; x_wconf 82' lang='lat' dir='ltr'>studi·</span> 
     </span>
     <span class='ocr_line' id='line_1_33' title="bbox 277 3799 2043 3906; baseline 0.004 -39"><span class='ocrx_word' id='word_1_441' title='bbox 277 3824 341 3873; x_wconf 85' lang='lat' dir='ltr'>um.</span> <span class='ocrx_word' id='word_1_442' title='bbox 368 3813 401 3869; x_wconf 95' lang='lat' dir='ltr'>ut</span> <span class='ocrx_word' id='word_1_443' title='bbox 424 3801 497 3874; x_wconf 85' lang='lat' dir='ltr'>Eur.</span> <span class='ocrx_word' id='word_1_444' title='bbox 524 3805 581 3876; x_wconf 88' lang='lat' dir='ltr'>Ph.</span> <span class='ocrx_word' id='word_1_445' title='bbox 611 3806 696 3879; x_wconf 82' lang='lat'>193:</span> <span class='ocrx_word' id='word_1_446' title='bbox 729 3802 829 3906; x_wconf 74' lang='grc' dir='ltr'><em>εἵσβα</em></span> <span class='ocrx_word' id='word_1_447' title='bbox 860 3807 978 3897; x_wconf 91' lang='grc' dir='ltr'><em>δῶμα</em></span> <span class='ocrx_word' id='word_1_448' title='bbox 1008 3806 1067 3879; x_wconf 82' lang='grc' dir='ltr'>καλ</span> <span class='ocrx_word' id='word_1_449' title='bbox 1096 3807 1185 3878; x_wconf 81' lang='grc' dir='ltr'><em>κατὰ</em></span> <span class='ocrx_word' id='word_1_450' title='bbox 1214 3805 1368 3897; x_wconf 80' lang='grc' dir='ltr'><em>στέγας</em></span> <span class='ocrx_word' id='word_1_451' title='bbox 1396 3803 1435 3876; x_wconf 89' lang='grc' dir='ltr'><em>ἐν</em></span> <span class='ocrx_word' id='word_1_452' title='bbox 1465 3807 1667 3898; x_wconf 81' lang='grc' dir='ltr'><em>παρθενῶσι</em></span> <span class='ocrx_word' id='word_1_453' title='bbox 1693 3802 1795 3896; x_wconf 74' lang='grc' dir='ltr'><em>μζυνε</em></span> <span class='ocrx_word' id='word_1_454' title='bbox 1824 3804 1907 3884; x_wconf 84' lang='grc' dir='ltr'><em>σοῖς.</em></span> <span class='ocrx_word' id='word_1_455' title='bbox 1940 3799 2043 3900; x_wconf 88' lang='lat' dir='ltr'>Sopb.</span> 
     </span>
     <span class='ocr_line' id='line_1_34' title="bbox 276 3900 2046 4001; baseline 0.001 -29"><span class='ocrx_word' id='word_1_456' title='bbox 276 3900 361 3974; x_wconf 69' lang='lat' dir='ltr'>0.st</span> <span class='ocrx_word' id='word_1_457' title='bbox 387 3901 478 3975; x_wconf 81' lang='lat'><strong>637:</strong></span> <span class='ocrx_word' id='word_1_458' title='bbox 505 3905 568 3977; x_wconf 77' lang='grc' dir='ltr'>οὐκ</span> <span class='ocrx_word' id='word_1_459' title='bbox 594 3904 631 3979; x_wconf 80' lang='grc' dir='ltr'>εἶ</span> <span class='ocrx_word' id='word_1_460' title='bbox 650 3909 692 3978; x_wconf 85' lang='lat' dir='ltr'>ori</span> <span class='ocrx_word' id='word_1_461' title='bbox 718 3907 748 3979; x_wconf 75' lang='grc' dir='ltr'><em>τ’</em></span> <span class='ocrx_word' id='word_1_462' title='bbox 774 3905 948 3997; x_wconf 80' lang='grc' dir='ltr'><em>οἴκους,</em></span> <span class='ocrx_word' id='word_1_463' title='bbox 976 3909 1018 3981; x_wconf 90' lang='grc' dir='ltr'>σό</span> <span class='ocrx_word' id='word_1_464' title='bbox 1044 3932 1084 3980; x_wconf 87' lang='grc' dir='ltr'><em>τε</em></span> <span class='ocrx_word' id='word_1_465' title='bbox 1105 3906 1231 4001; x_wconf 83' lang='grc' dir='ltr'><em>Κρέων</em></span> <span class='ocrx_word' id='word_1_466' title='bbox 1255 3908 1345 3980; x_wconf 80' lang='grc' dir='ltr'><em>κατὰ</em></span> <span class='ocrx_word' id='word_1_467' title='bbox 1370 3906 1547 4001; x_wconf 79' lang='grc' dir='ltr'><em>στέγας</em></span> <span class='ocrx_word' id='word_1_468' title='bbox 1578 3905 1823 3981; x_wconf 79' lang='lat' dir='ltr'>Fur.lon.16:</span> <span class='ocrx_word' id='word_1_469' title='bbox 1849 3903 1981 3979; x_wconf 74' lang='grc' dir='ltr'><em>τεκοῦδ</em></span> <span class='ocrx_word' id='word_1_470' title='bbox 2007 3901 2046 3975; x_wconf 88' lang='grc' dir='ltr'><em>ἐν</em></span> 
     </span>
     <span class='ocr_line' id='line_1_35' title="bbox 275 3999 2048 4111; baseline -0.003 -26"><span class='ocrx_word' id='word_1_471' title='bbox 275 3999 382 4084; x_wconf 66' lang='grc' dir='ltr'><em>οἴκοις</em></span> <span class='ocrx_word' id='word_1_472' title='bbox 411 4008 535 4074; x_wconf 81' lang='grc' dir='ltr'><em>παῖδ’</em></span> <span class='ocrx_word' id='word_1_473' title='bbox 561 4009 757 4106; x_wconf 76' lang='grc' dir='ltr'><em>ἀπήνεγκεν</em></span> <span class='ocrx_word' id='word_1_474' title='bbox 785 4010 968 4109; x_wconf 66' lang='grc' dir='ltr'><em>βρέφος.</em></span> <span class='ocrx_word' id='word_1_475' title='bbox 996 4012 1065 4111; x_wconf 88' lang='lat' dir='ltr'>lpb.</span> <span class='ocrx_word' id='word_1_476' title='bbox 1092 4011 1130 4082; x_wconf 82' lang='lat' dir='ltr'>l.</span> <span class='ocrx_word' id='word_1_477' title='bbox 1157 4012 1246 4085; x_wconf 80' lang='lat'>238:</span> <span class='ocrx_word' id='word_1_478' title='bbox 1268 4009 1521 4104; x_wconf 80' lang='grc' dir='ltr'><em>Ἀγαμέμνονος</em></span> <span class='ocrx_word' id='word_1_479' title='bbox 1548 4010 1633 4081; x_wconf 84' lang='grc' dir='ltr'>παῖ</span> <span class='ocrx_word' id='word_1_480' title='bbox 1656 4006 1714 4081; x_wconf 82' lang='grc' dir='ltr'><em>κοιλ</em></span> <span class='ocrx_word' id='word_1_481' title='bbox 1744 4005 2048 4102; x_wconf 81' lang='grc' dir='ltr'><em>Κλυταιμνήστρας</em></span> 
     </span>
     <span class='ocr_line' id='line_1_36' title="bbox 275 4104 2046 4211; baseline 0.005 -37"><span class='ocrx_word' id='word_1_482' title='bbox 275 4104 444 4175; x_wconf 76' lang='grc' dir='ltr'><em>τέκνον.</em></span> <span class='ocrx_word' id='word_1_483' title='bbox 474 4107 531 4179; x_wconf 82' lang='lat' dir='ltr'>Pb.</span> <span class='ocrx_word' id='word_1_484' title='bbox 558 4114 625 4186; x_wconf 80' lang='lat'>22:</span> <span class='ocrx_word' id='word_1_485' title='bbox 652 4109 813 4204; x_wconf 86' lang='grc' dir='ltr'><em>ἔσπειρεν</em></span> <span class='ocrx_word' id='word_1_486' title='bbox 838 4116 915 4209; x_wconf 72' lang='grc' dir='ltr'><em>ἡμῖν</em></span> <span class='ocrx_word' id='word_1_487' title='bbox 941 4117 1082 4189; x_wconf 86' lang='grc' dir='ltr'><em>παῖδα</em></span> <span class='ocrx_word' id='word_1_488' title='bbox 1107 4111 1166 4184; x_wconf 82' lang='grc' dir='ltr'>ταὶ</span> <span class='ocrx_word' id='word_1_489' title='bbox 1189 4112 1339 4205; x_wconf 76' lang='grc' dir='ltr'><em>σπεζοας</em></span> <span class='ocrx_word' id='word_1_490' title='bbox 1358 4109 1543 4207; x_wconf 80' lang='grc' dir='ltr'><em>βρέφος.</em></span> <span class='ocrx_word' id='word_1_491' title='bbox 1572 4115 1689 4184; x_wconf 76' lang='grc' dir='ltr'><em>Βιτιιό.</em></span> <span class='ocrx_word' id='word_1_492' title='bbox 1714 4114 1747 4184; x_wconf 79' lang='lat' dir='ltr'>S.</span> <span class='ocrx_word' id='word_1_493' title='bbox 1773 4136 1805 4211; x_wconf 45' lang='lat' dir='ltr'>pf</span> <span class='ocrx_word' id='word_1_494' title='bbox 1828 4108 1910 4183; x_wconf 88' lang='grc'><strong>104.</strong></span> <span class='ocrx_word' id='word_1_495' title='bbox 1938 4107 2046 4205; x_wconf 83' lang='lat' dir='ltr'>Repa-</span> 
     </span>
     <span class='ocr_line' id='line_1_37' title="bbox 277 4208 2046 4313; baseline 0.005 -37"><span class='ocrx_word' id='word_1_496' title='bbox 277 4208 386 4278; x_wconf 87' lang='lat' dir='ltr'>titione</span> <span class='ocrx_word' id='word_1_497' title='bbox 418 4221 524 4281; x_wconf 86' lang='lat' dir='ltr'>autern</span> <span class='ocrx_word' id='word_1_498' title='bbox 554 4210 607 4283; x_wconf 91' lang='lat' dir='ltr'>illa</span> <span class='ocrx_word' id='word_1_499' title='bbox 633 4215 755 4295; x_wconf 83' lang='lat' dir='ltr'>¹similis</span> <span class='ocrx_word' id='word_1_500' title='bbox 787 4216 942 4305; x_wconf 80' lang='lat' dir='ltr'>vocabuli,</span> <span class='ocrx_word' id='word_1_501' title='bbox 980 4232 1014 4290; x_wconf 95' lang='lat' dir='ltr'>ut</span> <span class='ocrx_word' id='word_1_502' title='bbox 1045 4240 1107 4288; x_wconf 94' lang='lat' dir='ltr'>non</span> <span class='ocrx_word' id='word_1_503' title='bbox 1141 4215 1243 4286; x_wconf 87' lang='lat' dir='ltr'>dicam</span> <span class='ocrx_word' id='word_1_504' title='bbox 1266 4214 1317 4308; x_wconf 44' lang='lat' dir='ltr'>wdo</span> <span class='ocrx_word' id='word_1_505' title='bbox 1347 4213 1577 4310; x_wconf 87' lang='lat' dir='ltr'>descriptionis</span> <span class='ocrx_word' id='word_1_506' title='bbox 1612 4212 1788 4310; x_wconf 78' lang='lat' dir='ltr'>diligentie,</span> <span class='ocrx_word' id='word_1_507' title='bbox 1824 4236 1910 4313; x_wconf 90' lang='lat' dir='ltr'>quae</span> <span class='ocrx_word' id='word_1_508' title='bbox 1941 4235 2046 4309; x_wconf 82' lang='lat' dir='ltr'>propa</span> 
     </span>
     <span class='ocr_line' id='line_1_38' title="bbox 278 4309 2045 4417; baseline 0.004 -38"><span class='ocrx_word' id='word_1_509' title='bbox 278 4309 444 4403; x_wconf 86' lang='lat' dir='ltr'>postulare</span> <span class='ocrx_word' id='word_1_510' title='bbox 470 4312 595 4384; x_wconf 87' lang='lat' dir='ltr'>videtur</span> <span class='ocrx_word' id='word_1_511' title='bbox 620 4318 774 4391; x_wconf 84' lang='lat' dir='ltr'>omtionis</span> <span class='ocrx_word' id='word_1_512' title='bbox 800 4319 938 4417; x_wconf 79' lang='lat' dir='ltr'>copiam,</span> <span class='ocrx_word' id='word_1_513' title='bbox 973 4319 1059 4393; x_wconf 90' lang='lat' dir='ltr'>baud</span> <span class='ocrx_word' id='word_1_514' title='bbox 1085 4318 1153 4390; x_wconf 86' lang='lat' dir='ltr'>scio</span> <span class='ocrx_word' id='word_1_515' title='bbox 1178 4342 1219 4390; x_wconf 91' lang='lat' dir='ltr'>an</span> <span class='ocrx_word' id='word_1_516' title='bbox 1247 4317 1279 4389; x_wconf 93' lang='lat' dir='ltr'>id</span> <span class='ocrx_word' id='word_1_517' title='bbox 1304 4315 1506 4414; x_wconf 83' lang='lat' dir='ltr'>potissimum</span> <span class='ocrx_word' id='word_1_518' title='bbox 1533 4328 1687 4411; x_wconf 82' lang='lat' dir='ltr'>sequatur</span> <span class='ocrx_word' id='word_1_519' title='bbox 1716 4312 1869 4401; x_wconf 83' lang='lat' dir='ltr'>Minerva,</span> <span class='ocrx_word' id='word_1_520' title='bbox 1900 4325 1934 4384; x_wconf 94' lang='lat' dir='ltr'>ut</span> <span class='ocrx_word' id='word_1_521' title='bbox 1959 4327 2045 4386; x_wconf 86' lang='lat' dir='ltr'>matu</span> 
     </span>
     <span class='ocr_line' id='line_1_39' title="bbox 277 4408 2045 4515; baseline 0.006 -38"><span class='ocrx_word' id='word_1_522' title='bbox 277 4408 359 4481; x_wconf 91' lang='lat' dir='ltr'>levet</span> <span class='ocrx_word' id='word_1_523' title='bbox 391 4412 521 4493; x_wconf 66' lang='lat' dir='ltr'>Ulixem,</span> <span class='ocrx_word' id='word_1_524' title='bbox 554 4416 811 4491; x_wconf 81' lang='lat' dir='ltr'>extimescentem</span> <span class='ocrx_word' id='word_1_525' title='bbox 844 4420 991 4494; x_wconf 89' lang='lat' dir='ltr'>nimirum</span> <span class='ocrx_word' id='word_1_526' title='bbox 1022 4421 1241 4493; x_wconf 80' lang='lat' dir='ltr'>vehementius</span> <span class='ocrx_word' id='word_1_527' title='bbox 1272 4417 1448 4491; x_wconf 87' lang='lat' dir='ltr'>adversarii</span> <span class='ocrx_word' id='word_1_528' title='bbox 1479 4415 1640 4491; x_wconf 88' lang='lat' dir='ltr'>luribnndi</span> <span class='ocrx_word' id='word_1_529' title='bbox 1671 4416 1873 4515; x_wconf 87' lang='lat' dir='ltr'>adspectum.</span> <span class='ocrx_word' id='word_1_530' title='bbox 1904 4456 1948 4470; x_wconf 81' lang='lat'>-</span> <span class='ocrx_word' id='word_1_531' title='bbox 1978 4414 2045 4489; x_wconf 84' lang='lat' dir='ltr'>Sed</span> 
     </span>
     <span class='ocr_line' id='line_1_40' title="bbox 277 4514 2046 4621; baseline 0.005 -42"><span class='ocrx_word' id='word_1_532' title='bbox 277 4523 311 4581; x_wconf 90' lang='lat' dir='ltr'>ut</span> <span class='ocrx_word' id='word_1_533' title='bbox 340 4514 471 4587; x_wconf 89' lang='lat' dir='ltr'>redeam</span> <span class='ocrx_word' id='word_1_534' title='bbox 504 4517 546 4589; x_wconf 92' lang='lat' dir='ltr'>ad</span> <span class='ocrx_word' id='word_1_535' title='bbox 579 4543 618 4589; x_wconf 89' lang='lat' dir='ltr'>oa</span> <span class='ocrx_word' id='word_1_536' title='bbox 649 4519 691 4592; x_wconf 86' lang='lat' dir='ltr'>de</span> <span class='ocrx_word' id='word_1_537' title='bbox 722 4520 838 4617; x_wconf 88' lang='lat' dir='ltr'>quibus</span> <span class='ocrx_word' id='word_1_538' title='bbox 870 4522 998 4621; x_wconf 62' lang='grc' dir='ltr'><em>τρίτους</em></span> <span class='ocrx_word' id='word_1_539' title='bbox 1030 4523 1185 4596; x_wconf 79' lang='lat' dir='ltr'>ubertatis</span> <span class='ocrx_word' id='word_1_540' title='bbox 1219 4521 1377 4618; x_wconf 77' lang='lat' dir='ltr'>exempla,</span> <span class='ocrx_word' id='word_1_541' title='bbox 1410 4518 1512 4592; x_wconf 88' lang='lat' dir='ltr'>allero</span> <span class='ocrx_word' id='word_1_542' title='bbox 1543 4519 1597 4592; x_wconf 82' lang='lat' dir='ltr'>Tr.</span> <span class='ocrx_word' id='word_1_543' title='bbox 1623 4519 1719 4596; x_wconf 83' lang='lat'>503:</span> <span class='ocrx_word' id='word_1_544' title='bbox 1754 4515 1830 4591; x_wconf 74' lang='grc' dir='ltr'>ἐπὶ</span> <span class='ocrx_word' id='word_1_545' title='bbox 1864 4517 1956 4589; x_wconf 85' lang='grc' dir='ltr'><em>τόνδ</em></span> <span class='ocrx_word' id='word_1_546' title='bbox 1988 4515 2046 4610; x_wconf 82' lang='grc' dir='ltr'>ἄρ</span> 
     </span>
    </p>
   </div>
   <div class='ocr_carea' id='block_1_4' title="bbox 130 4609 2197 4718">
    <p class='ocr_par' dir='ltr' id='par_1_4' title="bbox 130 4609 2197 4718">
     <span class='ocr_line' id='line_1_41' title="bbox 130 4609 2197 4718; baseline 0.006 -38"><span class='ocrx_word' id='word_1_547' title='bbox 130 4674 133 4681; x_wconf 87' lang='grc'><strong>.</strong></span> <span class='ocrx_word' id='word_1_548' title='bbox 277 4609 644 4718; x_wconf 76' lang='grc' dir='ltr'><em>ἄκοιτιν-κατέβαν</em></span> <span class='ocrx_word' id='word_1_549' title='bbox 669 4622 756 4714; x_wconf 89' lang='grc' dir='ltr'><em>πρδ</em></span> <span class='ocrx_word' id='word_1_550' title='bbox 781 4625 947 4717; x_wconf 88' lang='grc' dir='ltr'><em>γόμων.</em></span> <span class='ocrx_word' id='word_1_551' title='bbox 975 4626 1056 4701; x_wconf 70' lang='lat' dir='ltr'>Oli.</span> <span class='ocrx_word' id='word_1_552' title='bbox 1082 4627 1150 4698; x_wconf 74' lang='lat'>742</span> <span class='ocrx_word' id='word_1_553' title='bbox 1176 4621 1498 4714; x_wconf 81' lang='grc' dir='ltr'><em>ελκότοςπέρα</em></span> <span class='ocrx_word' id='word_1_554' title='bbox 1524 4618 1779 4694; x_wconf 80' lang='grc' dir='ltr'><em>ἄπεστιπλεέω</em></span> <span class='ocrx_word' id='word_1_555' title='bbox 1805 4622 1881 4692; x_wconf 84' lang='grc' dir='ltr'><em>τοῦ</em></span> <span class='ocrx_word' id='word_1_556' title='bbox 1907 4620 2045 4714; x_wconf 67' lang='lat' dir='ltr'>andri·</span> <span class='ocrx_word' id='word_1_557' title='bbox 2193 4626 2197 4637; x_wconf 90' lang='grc'><strong>“</strong></span> 
     </span>
    </p>
   </div>
   <div class='ocr_carea' id='block_1_5' title="bbox 275 4721 2045 4927">
    <p class='ocr_par' dir='ltr' id='par_1_5' title="bbox 275 4721 2045 4927">
     <span class='ocr_line' id='line_1_42' title="bbox 275 4721 2044 4823; baseline 0.006 -40"><span class='ocrx_word' id='word_1_558' title='bbox 275 4737 437 4798; x_wconf 79' lang='grc' dir='ltr'><em>κοντος</em></span> <span class='ocrx_word' id='word_1_559' title='bbox 464 4745 490 4813; x_wconf 91' lang='grc' dir='ltr'><em>χ</em></span> <span class='ocrx_word' id='word_1_560' title='bbox 497 4722 668 4814; x_wconf 86' lang='grc' dir='ltr'><em>μόνου,</em></span> <span class='ocrx_word' id='word_1_561' title='bbox 703 4726 733 4795; x_wconf 92' lang='lat' dir='ltr'>b.</span> <span class='ocrx_word' id='word_1_562' title='bbox 763 4752 793 4799; x_wconf 85' lang='lat' dir='ltr'>a.</span> <span class='ocrx_word' id='word_1_563' title='bbox 827 4745 956 4821; x_wconf 79' lang='grc' dir='ltr'><em>ρτοιιιτ</em></span> <span class='ocrx_word' id='word_1_564' title='bbox 990 4729 1253 4823; x_wconf 78' lang='lat' dir='ltr'>mpactctionem</span> <span class='ocrx_word' id='word_1_565' title='bbox 1286 4728 1405 4799; x_wconf 79' lang='lat' dir='ltr'>diutini</span> <span class='ocrx_word' id='word_1_566' title='bbox 1436 4749 1533 4818; x_wconf 81' lang='grc' dir='ltr'><em>ιγυαυι</em></span> <span class='ocrx_word' id='word_1_567' title='bbox 1564 4742 1806 4798; x_wconf 74' lang='lat' dir='ltr'>consentancum</span> <span class='ocrx_word' id='word_1_568' title='bbox 1839 4739 1893 4795; x_wconf 83' lang='grc' dir='ltr'><em>ιιι.</em></span> <span class='ocrx_word' id='word_1_569' title='bbox 1943 4721 2044 4794; x_wconf 86' lang='lat' dir='ltr'>Porro</span> 
     </span>
     <span class='ocr_line' id='line_1_43' title="bbox 276 4815 2045 4927; baseline 0.007 -42"><span class='ocrx_word' id='word_1_570' title='bbox 276 4817 315 4887; x_wconf 85' lang='lat' dir='ltr'>cl.</span> <span class='ocrx_word' id='word_1_571' title='bbox 343 4815 421 4889; x_wconf 68' lang='lat'><em>0213.</em></span> <span class='ocrx_word' id='word_1_572' title='bbox 441 4823 533 4898; x_wconf 84' lang='grc' dir='ltr'>78οι</span> <span class='ocrx_word' id='word_1_573' title='bbox 561 4824 609 4896; x_wconf 87' lang='grc' dir='ltr'><em>έν</em></span> <span class='ocrx_word' id='word_1_574' title='bbox 633 4826 840 4910; x_wconf 77' lang='grc' dir='ltr'><em>δείπνοις</em></span> <span class='ocrx_word' id='word_1_575' title='bbox 862 4830 891 4922; x_wconf 77' lang='grc' dir='ltr'>γ’</span> <span class='ocrx_word' id='word_1_576' title='bbox 916 4827 1178 4927; x_wconf 67' lang='grc' dir='ltr'><em>ότιερπλνγσόελς</em></span> <span class='ocrx_word' id='word_1_577' title='bbox 1195 4826 1316 4926; x_wconf 76' lang='grc' dir='ltr'><em>μέθῃ</em></span> <span class='ocrx_word' id='word_1_578' title='bbox 1340 4829 1443 4900; x_wconf 79' lang='grc' dir='ltr'><em>καλεῖ</em></span> <span class='ocrx_word' id='word_1_579' title='bbox 1461 4828 1568 4919; x_wconf 77' lang='grc' dir='ltr'><em>παρ’</em></span> <span class='ocrx_word' id='word_1_580' title='bbox 1594 4822 1722 4920; x_wconf 82' lang='grc' dir='ltr'><em>οἴνῳ,</em></span> <span class='ocrx_word' id='word_1_581' title='bbox 1740 4851 1825 4927; x_wconf 88' lang='lat' dir='ltr'>quae</span> <span class='ocrx_word' id='word_1_582' title='bbox 1848 4848 1943 4922; x_wconf 87' lang='lat' dir='ltr'>quam</span> <span class='ocrx_word' id='word_1_583' title='bbox 1967 4848 2045 4922; x_wconf 83' lang='lat' dir='ltr'>pru·</span> 
     </span>
    </p>
   </div>
   <div class='ocr_carea' id='block_1_6' title="bbox 111 4919 2046 5140">
    <p class='ocr_par' dir='ltr' id='par_1_6' title="bbox 111 4919 2046 5140">
     <span class='ocr_line' id='line_1_44' title="bbox 275 4919 2046 5030; baseline 0.006 -43"><span class='ocrx_word' id='word_1_584' title='bbox 275 4919 389 4990; x_wconf 91' lang='lat' dir='ltr'>denter</span> <span class='ocrx_word' id='word_1_585' title='bbox 418 4942 617 5024; x_wconf 74' lang='lat' dir='ltr'>congregata</span> <span class='ocrx_word' id='word_1_586' title='bbox 650 4930 724 5001; x_wconf 85' lang='lat' dir='ltr'>aiut</span> <span class='ocrx_word' id='word_1_587' title='bbox 757 4933 838 5003; x_wconf 85' lang='lat' dir='ltr'>scito</span> <span class='ocrx_word' id='word_1_588' title='bbox 869 4934 1019 5030; x_wconf 77' lang='lat' dir='ltr'>exposuit</span> <span class='ocrx_word' id='word_1_589' title='bbox 1051 4935 1244 5006; x_wconf 80' lang='lat' dir='ltr'>Scbncidrw.</span> <span class='ocrx_word' id='word_1_590' title='bbox 1275 4932 1318 5004; x_wconf 85' lang='lat' dir='ltr'>cl.</span> <span class='ocrx_word' id='word_1_591' title='bbox 1344 4927 1452 5029; x_wconf 79' lang='lat' dir='ltr'>Apoll.</span> <span class='ocrx_word' id='word_1_592' title='bbox 1480 4930 1538 5002; x_wconf 77' lang='lat' dir='ltr'>lib</span> <span class='ocrx_word' id='word_1_593' title='bbox 1567 4928 1710 5007; x_wconf 71' lang='lat' dir='ltr'><strong>b458:</strong></span> <span class='ocrx_word' id='word_1_594' title='bbox 1741 4927 1839 5020; x_wconf 79' lang='grc' dir='ltr'><em>παρὰ</em></span> <span class='ocrx_word' id='word_1_595' title='bbox 1869 4922 1958 4997; x_wconf 77' lang='grc' dir='ltr'><em>δαιτὶ</em></span> <span class='ocrx_word' id='word_1_596' title='bbox 1985 4923 2046 4999; x_wconf 76' lang='grc' dir='ltr'><em>καὶ</em></span> 
     </span>
     <span class='ocr_line' id='line_1_45' title="bbox 111 5018 2044 5140; baseline 0.004 -50"><span class='ocrx_word' id='word_1_597' title='bbox 111 5077 122 5107; x_wconf 77' lang='grc'><em>,</em></span> <span class='ocrx_word' id='word_1_598' title='bbox 275 5018 368 5113; x_wconf 77' lang='lat' dir='ltr'>civo».</span> <span class='ocrx_word' id='word_1_599' title='bbox 396 5022 477 5140; x_wconf 73' lang='lat' dir='ltr'>lust.</span> <span class='ocrx_word' id='word_1_600' title='bbox 506 5028 564 5114; x_wconf 78' lang='lat'>12,</span> <span class='ocrx_word' id='word_1_601' title='bbox 590 5031 629 5100; x_wconf 82' lang='lat'>6:</span> <span class='ocrx_word' id='word_1_602' title='bbox 657 5031 739 5103; x_wconf 86' lang='lat' dir='ltr'>inter</span> <span class='ocrx_word' id='word_1_603' title='bbox 764 5032 877 5131; x_wconf 81' lang='lat' dir='ltr'>epulas</span> <span class='ocrx_word' id='word_1_604' title='bbox 904 5047 936 5105; x_wconf 93' lang='lat' dir='ltr'>et</span> <span class='ocrx_word' id='word_1_605' title='bbox 961 5032 1090 5132; x_wconf 89' lang='lat' dir='ltr'>pocula.</span> <span class='ocrx_word' id='word_1_606' title='bbox 1119 5034 1186 5106; x_wconf 85' lang='lat' dir='ltr'>Cic.</span> <span class='ocrx_word' id='word_1_607' title='bbox 1212 5032 1293 5105; x_wconf 87' lang='lat' dir='ltr'>Pbil.</span> <span class='ocrx_word' id='word_1_608' title='bbox 1319 5034 1354 5123; x_wconf 71' lang='lat' dir='ltr'>ll,</span> <span class='ocrx_word' id='word_1_609' title='bbox 1380 5034 1439 5122; x_wconf 78' lang='lat'>25,</span> <span class='ocrx_word' id='word_1_610' title='bbox 1465 5032 1530 5106; x_wconf 80' lang='lat'>63:</span> <span class='ocrx_word' id='word_1_611' title='bbox 1557 5032 1584 5103; x_wconf 81' lang='lat' dir='ltr'>si</span> <span class='ocrx_word' id='word_1_612' title='bbox 1611 5032 1714 5104; x_wconf 82' lang='lat' dir='ltr'>inter</span> <span class='ocrx_word' id='word_1_613' title='bbox 1739 5053 1872 5103; x_wconf 86' lang='lat' dir='ltr'>cenam</span> <span class='ocrx_word' id='word_1_614' title='bbox 1899 5028 1935 5099; x_wconf 93' lang='lat' dir='ltr'>in</span> <span class='ocrx_word' id='word_1_615' title='bbox 1962 5028 2044 5127; x_wconf 82' lang='lat' dir='ltr'>ipsis</span> 
     </span>
    </p>
   </div>
   <div class='ocr_carea' id='block_1_7' title="bbox 0 0 2342 5877">
    <p class='ocr_par' dir='ltr' id='par_1_7' title="bbox 0 0 2342 5877">
     <span class='ocr_line' id='line_1_46' title="bbox 0 0 2342 5877; baseline 0 0"><span class='ocrx_word' id='word_1_616' title='bbox 0 0 2342 5877; x_wconf 95' lang='lat' dir='ltr'> </span> 
     </span>
    </p>
   </div>
  </div>
 </body>
</html>
