4674 5880
1146 278 1192 347 32

1018 381 1022 386 ι
1031 380 1203 389 o———n-
1217 380 1314 387 ...a--..—

273 515 372 585 rerba
407 536 597 609 expressam
632 511 785 583 exhibent
819 538 964 584 summae
1000 514 1186 584 iracundiae
1222 513 1373 608 effigiem.
1423 513 1469 582 ΕΙ.
1498 515 1591 586 522:
1632 515 1890 612 καθυβρίζουσα
1921 515 1979 587 καί
2008 517 2063 587 ol

273 613 331 685 καλ
357 615 407 684 τά
434 614 505 699 σά,
533 613 564 683 b.
590 639 620 683 e.
645 626 688 700 te,
720 634 803 706 quae
829 613 906 686 talia
934 616 1123 710 patraveris.
1178 616 1234 685 Cui
1263 612 1378 684 similis
1406 614 1498 684 locus
1525 629 1575 686 est
1602 617 1676 689 Eur.
1701 617 1776 689 Tro.
1802 618 1861 689 69.
1893 659 1936 669 -
1966 617 2063 688 Addo

274 722 348 787 Ant
369 715 439 788 95:
470 712 545 783 ἄλλ’
575 709 621 783 ἔα
647 737 705 806 με
737 712 795 783 καλ
825 715 904 810 τῆν
936 713 988 796 ἐξ
1016 713 1128 805 ἐμοῦ
1159 714 1438 810 δυσβουλίαν
1465 717 1653 787 παθεῖντὸ
1680 717 1791 789 δεινὸν
1818 722 1930 805 τοῦτο,
1966 720 2062 789 cuius

273 815 429 904 orationis
455 815 619 887 acerbitas
646 840 686 886 ex
712 813 774 885 alia
801 839 930 909 quoque
958 841 993 888 re
1021 818 1243 937 cognoscitur:
1270 818 1309 887 cl.
1330 819 1369 886 de
1390 819 1443 887 ub.
1466 820 1490 886 1.
1510 842 1542 908 p.
1567 819 1623 887 16.
1646 862 1689 871 -
1712 819 1815 891 Porro
1841 818 1888 890 ΕΙ.
1913 819 2001 891 622:
2028 817 2062 889 dr

274 916 403 1009 θρέμμ’
432 915 585 1002 ἀναιδές,
612 915 635 1011 ἦ
663 914 697 984 σ’
727 914 902 1008 ἐγὼκαὶ
929 915 1024 1007 τᾶμ’
1054 941 1137 1013 επη
1164 916 1239 988 καί
1265 916 1347 1007 τάρ
1357 942 1409 1008 γα
1437 916 1552 1007 τάμά
1580 918 1676 987 πόλλ’
1706 917 1795 1010 όγαν
1820 920 1932 1012 λέγειν
1958 920 2059 990 ποιεί.

273 1017 527 1114 Clytaemnestra
558 1018 645 1088 enim
681 1017 845 1089 iracundia
878 1019 1097 1091 effervescens
1130 1020 1303 1090 iactatione
1344 1019 1482 1112 quadam
1516 1017 1719 1091 clementiam
1756 1022 1850 1092 istam
1867 1021 2062 1119 ‚praedicat

274 1119 399 1193 scilicet
430 1122 523 1191 dictis
554 1118 623 1190 suis
652 1121 810 1212 [actoque
841 1120 1096 1216 comprobatam.
1128 1146 1192 1217 qua
1225 1121 1442 1216 impudentiae
1473 1145 1514 1190 ac
1547 1121 1744 1216 protervitati
1773 1121 1857 1194 liliae
1885 1121 2062 1194 indulsisse

274 1322 450 1394 ἀθάνατον
485 1320 559 1392 αἰὲν
595 1321 759 1415 ἀρχάν,
796 1323 826 1392 b.
852 1346 881 1392 e.
908 1340 936 1393 τι
963 1339 1113 1414 tuumque
1140 1341 1303 1394 aetenum
1328 1325 1508 1414 imperium.
1535 1322 1654 1418 quippe
1681 1323 1768 1418 quod
1795 1338 1883 1395 stare
1909 1337 2061 1420 nequeat,

274 1423 453 1496 bominibus
485 1423 581 1520 impie
613 1448 653 1494 ac
685 1421 805 1493 nelarie
837 1422 1060 1520 peccantibus3
1092 1449 1248 1494 summam
1282 1423 1375 1518 igitur
1406 1423 1488 1492 louis
1519 1423 1694 1519 potentiam
1724 1424 1877 1520 imprimis
1908 1440 2061 1520 tanquam

275 1526 432 1596 vindicem
458 1523 617 1596 scelerum
643 1523 761 1594 cbnrus
788 1523 938 1621 appellat.
988 1525 1142 1620 Apparet,
1168 1525 1293 1621 opinor.
1320 1524 1350 1593 in
1375 1523 1438 1594 boc
1461 1549 1592 1619 quoque
1615 1549 1736 1620 genere
1759 1550 1856 1621 quam
1879 1526 1921 1596 sit
1942 1549 2061 1619 magna

142 1712 146 1718 Ι
276 1627 370 1698 diuini
397 1638 516 1724 poetae
542 1622 715 1722 diligentia.
762 1626 835 1710 Oua
862 1651 926 1696 non
953 1624 1071 1721 ubique
1098 1639 1242 1723 praestat
1269 1625 1371 1695 oratio
1399 1624 1584 1720 Euripidem
1617 1627 1732 1696 lrustra
1759 1626 1843 1697 enim
1871 1629 2063 1718 Scbuelerua

275 1728 453 1819 laborabat,
488 1740 521 1797 ut
547 1727 673 1799 Orestis
702 1726 799 1797 verba
826 1727 882 1798 Or.
909 1727 1002 1798 538:
1035 1719 1124 1796 ὅπου
1151 1751 1201 1796 σε
1223 1725 1342 1816 μέλλω
1369 1728 1450 1820 σήν
1477 1748 1523 1795 τε
1549 1725 1712 1819 λυπήσειν
1738 1725 1906 1820 φρένα,
1942 1726 2060 1825 quibus

274 1829 469 1927 simpliciora
505 1828 652 1925 leguntur
686 1825 745 1896 Pb.
777 1827 875 1916 383..
912 1827 953 1898 ab
988 1827 1091 1898 inanis
1127 1827 1359 1899 redundantiae
1394 1827 1525 1899 crimine
1561 1825 1746 1919 vindicaret,
1783 1854 1849 1925 quo
1884 1827 2057 1900 Hermann.

274 1932 337 2027 Op.
363 1931 384 2000 Ι.
410 1957 442 2027 p.
469 1931 554 2001 224.
579 1943 611 1999 et
637 1931 771 1999 labaala.
797 1929 840 2000 ad
866 1929 915 2000 ΑΙ.
944 1930 1051 2000 1147.
1079 1954 1119 1999 ea
1145 1956 1205 2000 suo
1233 1929 1300 1999 iure
1328 1941 1447 1999 notaru.
1502 1925 1571 1998 Sed
1598 1928 1679 1999 baec
1706 1928 1873 2002 baetenus.
1927 1929 2061 2026 Reliqua

274 2057 368 2122 nunc,
400 2044 433 2101 ut
459 2030 651 2102 concludam
677 2030 817 2116 tandem,
848 2029 1104 2127 amplificationis
1131 2029 1279 2127 exeurpla
1306 2031 1520 2100 enumerabo:
1551 2028 1623 2100 Aut.
1647 2032 1760 2101 1278:
1792 2026 1910 2124 ἔχων
1936 2054 1974 2101 τε
1999 2027 2061 2099 καλ

274 2130 574 2227 κεκτημένος,
609 2156 694 2228 quae
730 2157 827 2229 quam
862 2144 938 2229 apte
973 2145 1148 2229 componat
1182 2146 1291 2229 poeta,
1327 2143 1546 2228 exposuerunt
1576 2134 1664 2202 Wec.
1691 2143 1724 2201 et
1755 2135 1949 2204 Scdncidm.
1991 2131 2061 2202 Nec

275 2234 414 2305 obscura
443 2232 489 2304 ris
519 2233 686 2305 verborum
714 2247 764 2304 est
791 2235 863 2304 Ant.
890 2233 982 2305 393:
1013 2235 1037 2328 η
1064 2233 1133 2324 γδρ
1160 2232 1296 2312 ἐκτός
1318 2231 1376 2301 καί
1402 2231 1506 2322 παρ’
1533 2229 1727 2312 ἐλπίδας
1750 2236 1860 2326 χαρά.
1892 2235 1948 2305 Pb.
1973 2233 2060 2305 105:

275 2333 349 2416 ἱοός
379 2333 616 2428 ἀφύκτους
643 2331 702 2404 καί
732 2334 1094 2426 προπέμποντας
1123 2335 1270 2428 φόνον.
1290 2334 1353 2425 ‚At
1384 2335 1494 2404 1014:
1529 2330 1585 2403 τὸν
1616 2330 1765 2426 δειλίᾳ
1798 2337 1971 2425 προδόντα
2001 2331 2061 2405 καί

276 2434 553 2529 κακανδρίᾳ,
586 2435 638 2507 ubi
671 2434 770 2508 altera
800 2461 881 2507 voce
913 2436 1060 2531 ignaviae
1091 2434 1282 2507 corutumelia
1315 2434 1539 2532 arrrpliliretur3
1571 2435 1611 2505 cl.
1636 2436 1708 2506 Eur.
1734 2436 1800 2532 lpb.
1821 2437 1857 2508 T.
1883 2437 1971 2508 676:
2002 2432 2061 2505 καί

274 2535 456 2607 δειλίαν
481 2536 551 2628 γάρ
578 2535 636 2607 καί
661 2538 814 2633 κάκην.
846 2581 889 2589 -
926 2538 983 2608 ΡΙι.
1012 2537 1084 2610 153
1111 2563 1182 2632 sq:
1215 2534 1359 2616 αὐλὰς
1383 2535 1518 2617 ποίας
1543 2531 1689 2628 ἔνεδρος
1713 2535 1798 2607 ναίει
1823 2536 1882 2608 καὶ
1907 2543 2061 2631 χῶρον

275 2638 355 2706 τίν’
390 2634 476 2732 ἔχει,
518 2661 601 2732 quae
638 2640 788 2710 conterre
826 2637 901 2710 licet
937 2663 1009 2709 cum
1047 2638 1132 2710 OC.
1165 2637 1279 2710 1523:
1315 2637 1406 2732 μηθ’
1441 2637 1492 2708 οὔ
1532 2637 1750 2724 κέκευθε,
1786 2641 1873 2732 μήτ’
1911 2637 1956 2708 έν
1995 2636 2064 2718 οἷς

274 2742 422 2810 κεῖται
448 2739 629 2820 τόποις·
662 2740 825 2837 posterius
856 2741 941 2812 enim
975 2739 1081 2810 locum
1113 2739 1254 2824 omnino,
1287 2738 1377 2833 prius
1406 2739 1604 2811 Philoctetae
1630 2741 1760 2833 quidem
1787 2740 1910 2811 lrrmum
1936 2754 1970 2811 et
1995 2764 2061 2836 quo

275 2842 317 2912 uti
345 2839 430 2911 solet
455 2840 663 2925 domicilium,
695 2841 812 2938 Oedipi
839 2854 946 2913 autem
974 2840 1159 2937 sepulcrum
1186 2839 1348 2934 signilicat
1374 2841 1516 2911 abditum
1543 2867 1584 2912 ac
1610 2843 1824 2913 reconditum.
1860 2885 1902 2893 -
1938 2841 2061 2912 Deinde

276 2944 305 3011 in
335 2956 535 3013 mortuorum
562 2953 595 3014 et
621 2941 804 3014 calamitate
830 2941 938 3038 aliqua
966 2940 1177 3012 laborantium
1206 2941 1367 3012 mentione
1394 2942 1602 3039 amplificatio
1633 2943 1716 3015 baec
1743 2969 1845 3040 saepe
1872 2941 2061 3025 adhibetur;

275 3044 314 3113 cl.
343 3043 422 3115 OC.
446 3043 540 3116 502:
573 3041 615 3114 οὔ
646 3041 715 3135 γὰρ
743 3041 785 3112 όν
811 3041 931 3114 σθένοι
958 3040 1084 3132 τυόμδν
1115 3041 1228 3131 δέμας
1252 3037 1410 3136 ἔρημον
1437 3042 1557 3134 ἕρπειν
1584 3041 1671 3113 οὐδ’
1700 3046 1921 3141 όφηγητοό
1947 3042 2059 3137 δίχα,

274 3144 362 3235 quod
397 3144 565 3216 caecitatis
598 3132 735 3216 maxime
769 3168 868 3215 causa
904 3144 1076 3216 addentem
1104 3143 1266 3238 Oedipum
1303 3158 1399 3240 poeta
1428 3145 1514 3227 lucit,
1549 3145 1589 3215 cl.
1618 3144 1760 3241 Nenpbr.
1790 3149 1823 3234 2,
1851 3146 1892 3216 6:
1927 3138 2061 3238 ἔρημον

275 3243 332 3314 καί
359 3245 655 3341 παρημελημένην
688 3244 778 3335 πρὸς
806 3246 857 3315 ὧν
884 3243 992 3341 ἐχρῆν
1018 3244 1153 3337 ἥκιστα.
1192 3243 1270 3314 OC.
1294 3248 1355 3316 11:
1386 3246 1512 3339 στῆσόν
1534 3268 1583 3335 με
1608 3245 1821 3337 κάξιθρυσον.
1859 3249 1900 3317 cl.
1929 3249 2057 3317 Jacobs.

274 3348 314 3417 ad
342 3348 373 3416 b.
396 3345 433 3431 l.;
465 3346 653 3443 exprimitur
684 3345 734 3417 bis
769 3345 995 3442 effingiturque
1020 3345 1133 3417 uerbis
1166 3347 1255 3415 senis
1284 3346 1497 3419 imbecillitas.
1533 3347 1654 3442 pariter
1681 3374 1720 3418 ac
1748 3349 1805 3418 Pb.
1826 3348 1920 3420 879:
1951 3345 1993 3418 σό
2016 3347 2057 3438 μ’

275 3446 381 3527 αότδς
405 3444 505 3539 ἆρον,
532 3447 574 3517 σό
597 3471 647 3539 με
673 3448 900 3541 κατάστησον.
933 3447 1059 3517 τέκνον.
1097 3446 1176 3520 ΟΙΙ.
1198 3446 1290 3520 789;
1325 3446 1412 3517 ἄλλα
1438 3447 1470 3517 δ
1500 3445 1641 3531 ἄθλια,
1673 3449 1731 3520 καλ
1757 3451 1873 3520 δεινά
1898 3449 1958 3521 καλ
1988 3448 2061 3520 δό-

274 3571 404 3642 στηνα
432 3547 618 3643 προύφάνη
645 3545 769 3640 λέγων,
803 3574 869 3644 quo
903 3548 1072 3618 verborum
1100 3547 1192 3642 quasi
1220 3572 1339 3620 acervo
1365 3564 1507 3619 atrocem
1540 3548 1674 3637 oraculi,
1708 3551 1795 3646 quod
1828 3550 1937 3622 adeo
1964 3576 2060 3622 acce·

279 3650 372 3744 perit,
406 3649 567 3723 diritatem
593 3648 741 3746 Oedipus
776 3648 943 3727 describit,
978 3673 1073 3742 quam
1100 3673 1170 3718 curn
1199 3648 1480 3720 vehementissime
1512 3653 1751 3747 perhorrescat.
1783 3651 1824 3720 ob
1856 3676 1927 3721 eam
1955 3652 2059 3747 ipsam

277 3775 421 3837 oausam,
458 3766 491 3823 ut
525 3752 576 3823 bis
608 3753 680 3848 ipse
716 3750 844 3842 flagitiis
877 3750 995 3821 misere
1030 3749 1277 3836 contaminatus.
1309 3752 1588 3823 commiserandus
1616 3753 1750 3823 maxime
1777 3776 1936 3848 apparere
1963 3753 2062 3825 debet

279 3851 495 3924 audientibus.
545 3850 671 3924 Rursus
697 3852 818 3948 gaudio
844 3852 947 3922 elatus
976 3853 1112 3923 nuncius
1139 3863 1172 3922 et
1198 3851 1418 3923 oblectaturus
1446 3853 1615 3924 Deianirae
1642 3853 1781 3924 animum
1809 3854 1891 3924 baec
1921 3854 2062 3925 cumulat

275 3951 329 4023 l'r.
356 3952 445 4022 234:
477 3952 672 4048 ἰσχύοντα
704 3976 742 4022 τε
772 3950 831 4023 καί
861 3952 994 4031 ζῶντα
1025 3952 1084 4022 καί
1114 3952 1319 4023 θάλλοντα
1350 3952 1427 4024 κοό
1461 3952 1567 4045 νόσῳ
1596 3951 1746 4048 βαρύν·
1779 3955 1821 4024 cl.
1850 3955 1969 4026 descb.
1997 3956 2058 4047 Ag.

275 4052 368 4124 655:
389 4055 570 4147 χλωρόν
596 4078 634 4124 τε
660 4052 718 4124 καί
741 4053 985 4151 βλέποντα.
1014 4051 1050 4124 S.
1070 4052 1124 4125 Tr.
1148 4056 1235 4127 182:
1262 4055 1320 4124 καί
1346 4056 1488 4134 ζῶντα
1513 4053 1572 4124 καί
1596 4058 1863 4146 κρατοῦντα.
1893 4056 1933 4127 cl.
1960 4056 2061 4124 Orelli

275 4155 316 4222 ad
340 4153 416 4224 Hor.
436 4154 494 4252 Ep.
515 4155 537 4241 Ι,
556 4159 590 4247 7,
613 4156 646 4227 3.
677 4154 1017 4226 cancellatum:
1044 4154 1288 4250 ἀπωλόμην
1315 4156 1492 4249 δύστηνος,
1521 4154 1657 4226 οὐδέν
1684 4153 1766 4245 εἰμ’
1790 4153 1850 4244 ἔτι,
1878 4157 1908 4226 b.
1929 4180 1958 4225 e.
1976 4158 2060 4247 perii

278 4258 436 4348 inpelleret
455 4259 695 4329 nullonumero
714 4259 841 4344 babitu3
867 4254 919 4326 ubi
939 4258 1064 4327 Nauck.
1086 4255 1180 4327 allert
1206 4258 1278 4327 Ευτ.
1295 4256 1364 4327 Hel.
1384 4256 1491 4328 1194.
1512 4258 1588 4326 lieo.
1606 4257 1690 4329 683.
1733 4259 1826 4329 Addo
1845 4256 1922 4326 Pbil.
1947 4256 2060 4328 1030:

274 4353 315 4436 ὃς
340 4354 474 4451 μηδέν
505 4355 587 4448 είμι
618 4357 676 4428 καὶ
702 4354 868 4453 τέθνηχ’
893 4358 967 4447 ὑμῖν
991 4357 1107 4428 πάλαι.
1147 4357 1192 4427 ΕΙ.
1215 4358 1304 4429 245τ
1330 4359 1351 4426 ό
1375 4356 1442 4445 μέν
1466 4360 1584 4429 θανὼν
1607 4366 1657 4451 γᾶ
1681 4383 1727 4429 τε
1750 4359 1823 4430 καί
1844 4356 1980 4427 οὐδὲν
2002 4358 2062 4428 ὢν

275 4456 437 4545 κείσεται,
478 4458 667 4555 quibuscum
703 4473 778 4530 ate
815 4458 1030 4544 occuleruntun
1066 4484 1151 4555 quae
1185 4458 1231 4530 ΕΙ.
1265 4458 1372 4531 1159.
1408 4459 1574 4555 leguntur:
1613 4459 1686 4530 ἀντί
1721 4460 1886 4553 φιλτάτης
1917 4465 2064 4554 μορφῆς

273 4556 446 4630 σποδόν
477 4582 515 4629 τε
547 4557 606 4629 καλ
636 4486 766 4630 σκιόν
797 4559 1033 4656 ἀνωφελῆ,
1067 4573 1099 4630 et
1130 4560 1202 4631 Eur.
1233 4560 1281 4631 Fr.
1311 4559 1402 4633 536:
1434 4561 1618 4632 κατθανὼν
1644 4561 1686 4632 δέ
1712 4567 1783 4640 πᾶς
1806 4557 1897 4651 ἀνῆρ
1923 4565 1976 4655 γῆ
2003 4557 2061 4630 καλ

275 4660 399 4747 σκιά,
424 4657 464 4732 cl.
489 4656 539 4732 Fr.
561 4659 646 4754 757,
669 4660 704 4733 5.
730 4662 846 4733 Anacr.
867 4662 903 4731 lr.
925 4659 984 4734 33.
1006 4660 1139 4758 [Bergk.
1162 4661 1197 4732 P.
1218 4661 1252 4732 Ι..
1273 4688 1304 4757 p.
1322 4662 1443 4750 717.)=
1469 4659 1595 4758 όλίγη
1622 4662 1664 4733 δὲ
1689 4658 1901 4751 κεισόμεσθα
1925 4661 2057 4740 κόνις.

277 4760 370 4833 λοῑΙν.
397 4757 465 4832 Pal.
485 4758 523 4832 T.
548 4759 583 4833 ΙΙ.
611 4788 643 4859 p.
669 4758 755 4832 632.
781 4765 845 4836 27:
878 4762 1016 4834 θανόντι
1046 4786 1099 4832 σοι
1131 4761 1224 4843 οὔτις
1252 4760 1382 4856 ὄνησις·
1414 4761 1472 4832 καί
1502 4763 1571 4854 γάρ
1603 4763 1675 4854 ἐγὼ
1707 4760 1880 4842 σποδός
1909 4760 1985 4852 εἶμι.
2014 4761 2058 4833 lb.

277 4888 307 4959 p.
336 4862 421 4935 831.
450 4860 538 4935 2³6:
569 4864 670 4957 ῆμεῖς
692 4860 735 4931 δέ
761 4863 889 4943 πάντες
912 4862 949 4933 οἱ
971 4864 1067 4932 κάτω
1095 4864 1302 4956 τεθνηκότες
1326 4862 1462 4952 όστέα
1490 4863 1636 4958 τέφρα
1664 4886 1710 4931 τε
1736 4864 1926 4956 γεγόναμεν
1953 4861 2060 4931 άλλο

275 4965 310 5033 δ’
339 4962 446 5036 οὐδὲ
480 4962 535 5035 έν.
570 4961 645 5034 llor.
672 4962 776 5033 Caum.
805 4961 853 5051 ΙΙΙ,
878 4967 911 5053 7.
940 4964 1004 5038 lli:
1036 4962 1182 5062 puluis
1210 4981 1250 5035 et
1278 4965 1421 5036 umbra
1449 4992 1570 5035 sumus.
1601 4964 1693 5034 Ouid.
1719 4967 1794 5038 lter.
1820 4968 1854 5041 8,
1879 4966 1969 5036 495:
2003 4988 2059 5031 vus
