4674 5880
1242 292 1314 400 1⁴⁴.
1406 393 1408 397 ⁴

373 537 435 608 tuis
461 533 652 606 immanibus
678 530 739 602 illis
759 527 920 627 poculis
948 530 1010 600 boo
1036 529 1090 600 tibi
1117 530 1298 601 accidisset.
1341 530 1373 600 ln
1402 530 1461 600 boe
1486 541 1593 601 tamea
1621 529 1749 602 olleado
1775 531 1908 630 aliquid,
1934 534 2022 631 quod
2047 532 2140 625 παρ’

373 634 470 730 olam
496 662 515 709 a
542 631 764 732 superioribus
791 634 970 703 seiunctum
998 633 1104 729 itaque
1131 630 1321 703 collocatum
1348 643 1463 703 exstat.
1495 644 1646 728 tanquam
1674 635 1702 702 si
1730 633 1779 712 iis.
1811 659 1896 730 quae
1924 637 2141 733 praecedunt:

373 732 720 832 δπερπλὴσδεῖς
745 732 886 828 μέδῇ,
919 734 1048 830 gravius
1075 733 1196 831 aliquid
1223 734 1393 805 contineat.
1427 733 1515 831 quod
1543 745 1647 806 temen
1675 759 1738 807 non
1766 749 1826 806 est
1876 737 1968 823 Quae
1994 737 2142 819 offensio.

373 840 401 912 si
429 865 493 937 qua
519 848 581 926 eat,
611 836 843 927 sublevaretur,
875 860 915 906 ne
940 861 979 906 ue
1007 837 1055 906 vis
1082 835 1303 909 debilitaretur
1328 834 1518 911 sententiae.
1549 838 1578 906 si
1606 837 1833 927 πάροινος
1855 840 2026 913 scriberes.
2076 839 2145 912 Sed

371 942 531 1039 integrum
565 938 721 1036 relinquo.
754 978 797 989 —-
828 937 903 1008 ltem
917 862 981 1007 qia
1015 937 1239 1033 παραλλήλου
1273 938 1413 1034 quodam
1450 938 1546 1009 modo
1582 938 1687 1035 posita
1723 952 1809 1015 suat.
1844 965 1928 1037 quae
1961 943 2074 1014 vitiose
2106 968 2146 1014 se

371 1043 491 1116 babent
516 1043 588 1115 Ant.
609 1042 701 1114 648:
723 1041 775 1134 μή
803 1039 861 1109 νύν
885 1039 963 1110 ποτ’
989 1039 1020 1110 ὦ
1048 1042 1115 1110 παῖ
1133 1039 1197 1120 τὰς
1218 1038 1353 1133 φρένας
1375 1039 1445 1134 ὑφ’
1472 1039 1646 1135 ἡδονῆς
1667 1039 1889 1131 γυναικὸς
1911 1041 2062 1115 οὕνεκ’
2089 1044 2145 1115 ἐκ·

369 1143 493 1243 βάλῇς,
526 1168 662 1243 quorum
690 1165 846 1239 perquam
872 1140 990 1212 similia
1017 1155 1091 1214 suat
1116 1140 1288 1239 Euripiden
1316 1140 1369 1213 illa
1396 1141 1523 1214 llereel.
1548 1141 1636 1216 300:
1668 1136 1710 1223 ὃς
1732 1141 1774 1213 δὲ
1801 1143 1996 1240 νικηθεὶς
2023 1147 2144 1241 πόδῳ

371 1248 491 1328 κακοῖς
515 1244 754 1340 ἐκοινώνησεν,
787 1241 851 1314 οὐκ
876 1241 1063 1332 ἐπαινέσω,
1096 1242 1228 1325 τέκνοις
1250 1240 1385 1325 ὄνειδος
1408 1240 1559 1339 οὕνεχ’
1585 1244 1759 1341 ἡδονῆς
1786 1245 1909 1315 λιπεῖν·
1944 1261 2040 1345 etque
2064 1250 2143 1322 haec

371 1350 444 1448 ipsa
471 1348 553 1421 mam
580 1347 727 1419 videntur
760 1344 872 1417 neseio
905 1371 969 1444 quo
1002 1358 1098 1443 pacto
1128 1347 1255 1443 aperire
1286 1347 1327 1416 ad
1360 1344 1558 1443 probabilem
1590 1344 1674 1417 illius
1701 1345 1763 1418 loci
1788 1347 2056 1421 emendationem.
2094 1349 2142 1422 llle
2244 1384 2256 1399 ·

371 1451 518 1550 poenitet
542 1450 627 1523 enim
655 1449 760 1546 ipsum
789 1472 870 1519 nunc
898 1448 968 1519 eius
994 1449 1209 1536 coniecturae,
1241 1472 1338 1545 quam
1365 1446 1439 1518 olim
1466 1446 1582 1546 protuli
1612 1448 1668 1537 (ci.
1696 1447 1880 1546 Annplril.
1906 1446 2022 1548 Suppl.
2048 1451 2141 1524 XVll.

370 1580 404 1653 p.
432 1552 554 1642 293.]:
586 1551 666 1632 τὰς
694 1550 765 1643 ὑφ’
793 1550 965 1645 ἡδονῆς
992 1549 1183 1643 φρένας,
1217 1574 1276 1621 nec
1301 1549 1415 1622 melior
1440 1562 1493 1622 est
1518 1552 1691 1646 Diodorfii
1724 1576 1808 1648 quae
1839 1551 1968 1648 quidem
2000 1577 2039 1625 ex
2072 1581 2143 1626 mea

370 1667 446 1729 nata
472 1680 549 1728 esse
576 1652 718 1740 videtur:
744 1651 812 1732 οδς
835 1652 865 1722 ὑ.
891 1653 925 1746 ἡ.
950 1676 1001 1745 φ,
1028 1650 1077 1723 vel
1105 1653 1255 1744 Berqlrii:
1290 1650 1353 1733 τὰς
1376 1649 1511 1747 φρένας
1534 1649 1649 1742 πρὸς
1671 1653 1812 1749 ἡδονῆς,
1847 1652 2011 1750 multoque
2037 1655 2143 1727 minus

371 1757 573 1856 probandum
601 1756 687 1853 qood
714 1753 906 1849 eicogitavit
930 1756 1062 1845 Kayser.
1088 1754 1186 1844 (Ano.
1213 1752 1289 1851 plril.
1310 1752 1379 1824 Vol.
1406 1753 1464 1826 69.
1494 1778 1525 1851 p.
1551 1753 1674 1843 497.):
1705 1753 1901 1852 φιλὴδλᾳ.
1942 1755 2036 1841 Quod
2064 1782 2144 1828 vero

370 1884 475 1958 nuper
501 1860 677 1930 Meinelsiur
704 1855 723 1926 l.
745 1854 763 1926 l.
786 1882 817 1953 p.
838 1857 896 1926 22.
923 1855 1054 1928 invenit:
1080 1856 1144 1938 τὰς
1166 1851 1301 1951 φρένας
1325 1855 1375 1925 σύ
1401 1855 1434 1948 γ’
1461 1856 1627 1951 ἡδονῇ,
1655 1855 1686 1926 id
1713 1857 1843 1952 quidem
1871 1882 1950 1930 sane
1976 1857 2143 1956 probabile

371 1974 433 2051 eat,
464 1960 615 2059 idemque
641 1960 705 2030 iam
732 1957 850 2028 dudum
879 1959 1078 2055 propositum
1106 1960 1147 2031 ab
1175 1960 1315 2029 Hertelio
1347 1956 1445 2047 [Krit.
1466 1984 1497 2029 u.
1518 1983 1610 2055 exeg.
1630 1955 1719 2029 Rem.
1740 1958 1820 2030 iiber
1842 1957 1934 2031 Stell.
1955 1959 2016 2032 des
2039 1958 2139 2058 Sopb.

371 2062 470 2160 Terg.
494 2061 602 2136 1856.
623 2087 655 2158 p.
676 2061 699 2132 9
718 2065 806 2157 sq.):
833 2059 875 2131 ad
902 2059 1054 2133 librorum
1080 2076 1186 2134 tamen
1213 2060 1406 2157 scripturam
1433 2060 1558 2131 videtur
1584 2060 1720 2158 propius
1746 2062 1903 2132 accedere
1928 2063 2009 2134 baec
2033 2087 2144 2134 emen·

371 2164 479 2238 datio:
510 2164 562 2260 μή
598 2163 655 2235 νύν
686 2160 822 2233 ποτ’ἆν
855 2165 922 2233 παῖ
945 2164 1010 2245 τὰς
1040 2158 1232 2258 φρένλΟΔ
1243 2160 1308 2232 ΟΥ
1309 2158 1336 2234 0
1358 2162 1480 2257 ἡδονῇ,
1513 2162 1545 2233 b.
1574 2186 1604 2233 e.
1630 2160 1765 2256 φρένας
1787 2161 1900 2244 δοδς
1922 2163 2075 2259 ἡδονῇ
2103 2165 2141 2236 ei.

369 2266 444 2338 Eur.
473 2266 532 2339 Pb.
562 2268 626 2339 21:
660 2265 681 2334 d
714 2263 748 2335 δ’
780 2265 922 2360 ἡδονῇ
955 2263 1067 2347 δοδς
1099 2261 1151 2346 εἷς
1183 2287 1220 2335 τε
1252 2262 1416 2361 βακχεῖον
1450 2265 1569 2335 πεσὼν
1600 2259 1763 2356 ἔσπεισεν
1798 2267 1877 2360 ἡμῖν
1910 2267 2026 2337 παῖδα.
2061 2266 2140 2338 ΡΙοι.

371 2368 508 2453 Pbaedr.
538 2394 569 2467 p.
599 2367 682 2440 250.
711 2366 745 2438 E.
789 2369 895 2438 Volclr.
925 2367 1022 2440 lliatr.
1051 2393 1083 2467 p.
1112 2369 1196 2439 241.
1237 2370 1365 2438 locabo.
1393 2366 1436 2438 ad
1463 2365 1612 2439 Philostr.
1642 2392 1672 2462 q.
1702 2366 1786 2439 363.
1833 2366 1866 2438 ln
1894 2370 2035 2441 numeris
2066 2368 2142 2439 nibil

371 2471 487 2568 opinor
513 2469 756 2568 vituperandum
782 2481 843 2560 est,
869 2494 942 2541 eum
968 2472 1031 2542 boc
1056 2469 1130 2565 ipso
1155 2469 1289 2543 trimetri
1318 2468 1391 2541 loco
1417 2466 1467 2540 οὐ
1493 2467 1697 2566 saepissime,
1723 2494 1784 2540 nee
1807 2493 1881 2540 raro
1902 2471 1963 2564 μὴ
1991 2476 2042 2562 (ut
2063 2470 2136 2542 Eur.

369 2571 470 2644 Andr.
497 2572 580 2645 378.
617 2570 663 2643 ΕΙ.
689 2571 780 2659 51),
805 2584 838 2642 et
863 2574 943 2642 ποῖ
962 2570 1048 2663 (ΑΙο.
1069 2571 1172 2662 943.)
1199 2586 1232 2645 et
1257 2577 1320 2666 σιῇ
1346 2571 1432 2662 (llel.
1453 2571 1556 2660 978.)
1583 2571 1689 2668 posita
1715 2570 1927 2667 reperiantur.
1969 2572 2057 2646 llaec
2083 2574 2143 2644 ad·

372 2688 541 2747 versantur
565 2674 707 2746 Elmaleii
732 2672 790 2762 (ad
813 2672 1118 2764 suencuam.)
1145 2673 1330 2773 corrigendi
1357 2672 1476 2746 studio.
1507 2715 1550 2724 -

471 2774 635 2874 lmplicate
667 2799 740 2847 cum
772 2774 822 2846 bis
855 2788 905 2847 est
936 2789 1034 2874 atque
1065 2776 1219 2850 cohaeret
1251 2775 1391 2875 quodam
1424 2774 1520 2847 modo
1556 2773 1743 2872 pervulgata
1775 2774 1828 2847 illa
1864 2775 1994 2848 dicendi
2031 2776 2143 2859 forma,

371 2903 447 2977 qua,
478 2903 562 2992 quae
593 2876 722 2976 quidem
749 2889 860 2974 partes
891 2878 1040 2977 eorporis
1065 2878 1228 2976 animique
1254 2877 1457 2976 potissimum
1484 2877 1672 2964 alliciantur,
1703 2901 1864 2976 personae
1892 2879 2011 2950 nomini
2038 2879 2144 2951 solent

370 2999 507 3079 apponi:
537 2979 625 3075 quod
650 3004 755 3078 genus
783 2978 923 3051 Homero
949 2980 1011 3052 iam
1039 2994 1226 3079 usurpatum
1253 2986 1371 3076 σχῆμα
1396 2978 1475 3050 καθ’
1501 2977 1581 3050 ὅλον
1605 2976 1665 3049 καλ
1685 2978 1799 3071 μέρος
1823 2994 1957 3071 vocant3
1988 2982 2030 3054 cl.
2057 2983 2145 3054 Noe·

368 3085 464 3177 pelab.
498 3081 541 3153 ad
576 3080 609 3152 ll.
643 3083 678 3172 2,
709 3079 794 3154 451.
829 3082 864 3171 3,
895 3081 979 3155 438.
1017 3085 1110 3155 Pars.
1142 3083 1184 3154 ed
1219 3081 1400 3165 Euellec.
1430 3081 1514 3154 800.
1553 3084 1734 3153 Mettium.
1763 3081 1804 3152 de
1834 3107 1952 3181 appas.
1979 3109 2011 3181 p.
2040 3084 2062 3152 7
2089 3108 2142 3179 sq.

370 3187 493 3281 namt.
522 3183 565 3255 ad
596 3182 669 3254 Eur.
698 3181 825 3254 lleracl.
855 3183 914 3256 03.
947 3187 1064 3256 Μοιιλ.
1093 3184 1148 3255 Gr.
1180 3190 1210 3274 ς.
1230 3185 1325 3256 1421.
1355 3184 1390 3256 5.
1424 3186 1513 3255 noa.
1541 3188 1572 3271 §-
1605 3184 1686 3254 101.
1716 3184 1748 3255 3.
1786 3187 1904 3257 Bernlr.
1932 3182 1967 3257 S.
1996 3212 2027 3283 p.
2058 3184 2141 3256 120.

368 3287 482 3386 Neque
508 3309 592 3384 opus
618 3298 670 3357 est
695 3285 737 3357 de
763 3284 825 3356 bac
851 3311 887 3358 re
913 3286 1079 3384 disputare
1105 3287 1283 3385 copiosius,
1314 3311 1416 3384 quare
1442 3299 1475 3357 ot
1502 3285 1699 3358 brevissimis
1724 3285 1830 3358 verbis
1854 3302 1968 3384 potero
1992 3311 2143 3382 compre·

371 3389 520 3462 bendum.
569 3385 722 3484 Exempla
750 3386 831 3460 haee
857 3401 951 3460 sunt:
978 3386 1026 3459 lli.
1054 3389 1169 3461 1063:
1194 3385 1337 3472 Ιαὐτὸν
1362 3385 1455 3469 οὔτις
1478 3383 1545 3458 ἔστ’
1572 3386 1662 3483 δνὴρ
1688 3387 1825 3459 σθένων
1851 3392 2024 3476 τοσοῦτον,
2050 3387 2145 3459 ὥστε

372 3495 498 3582 σῶμα
524 3487 713 3588 τυμβεῦσαι
738 3489 850 3583 τάφῳ.
879 3489 1074 3563 001133
1100 3489 1159 3562 aral
1183 3490 1226 3562 σύ
1244 3490 1280 3581 μ’
1304 3487 1347 3570 ἐξ
1367 3489 1453 3560 ὁδοῦ
1475 3490 1591 3560 πόδα
1613 3489 1760 3586 κρύφον,
1788 3491 1831 3562 de
1854 3515 1918 3588 quo
1942 3489 2015 3562 loco
2037 3491 2076 3562 el.
2107 3496 2146 3564 de

370 3597 424 3665 ub.
445 3594 543 3685 Sopll.
561 3593 590 3663 1.
605 3615 642 3685 p.
664 3591 721 3662 12.
752 3633 796 3642 --
828 3592 885 3663 Pb.
904 3593 997 3664 747:
1021 3594 1208 3687 πρόχεῳον
1234 3589 1272 3664 εἴ
1290 3590 1325 3662 τί
1344 3593 1611 3685 σοι-χεροῖν.
1642 3592 1755 3664 1301:
1776 3591 1891 3684 μέδες
1910 3596 2142 3688 ,οε-χεῖρα.

370 3692 455 3768 0.ll.
481 3694 575 3767 ⁷18:
604 3691 668 3764 aral
693 3715 758 3764 νιν
787 3689 938 3786 δρδρα
969 3691 1134 3776 ἐνζεύξας
1161 3694 1290 3766 ποδοῖν.
1323 3693 1373 3765 n.
1402 3692 1491 3766 303:
1522 3691 1637 3764 moral
1657 3717 1716 3786 με
1745 3691 2141 3790 κωχεύοοσιν-δέμας.

370 3794 444 3869 λοι.
467 3794 559 3868 ott:
588 3792 952 3877 Φινείδαις-ἕλκος
975 3794 1374 3889 ἀρακτδν·δμμάκων
1397 3795 1586 3876 κύκλοις.

473 3896 507 3969 2.
561 3896 722 3995 Deinceps
749 3910 879 3971 uteret
905 3897 1105 3996 propositum
1131 3899 1173 3970 de
1200 3897 1470 3997 repetitione
1495 3899 1790 3995 pronominum
1816 3897 1951 3970 dicatur.
2000 3896 2137 3994 Saepius

371 3998 458 4071 enim
488 3997 544 4072 vel·
571 3998 701 4072 nomine
732 4023 931 4099 praegresso
960 3999 1012 4072 vel
1044 4000 1245 4098 pronomine,
1284 3999 1510 4098 nonnullisque
1542 4000 1719 4073 interiectis
1750 4025 1814 4073 non
1847 4013 1915 4072 tam
1946 3993 2138 4098 negligentia

370 4099 522 4200 qondam,
545 4098 576 4171 io
599 4125 696 4199 quam
718 4101 901 4174 iacidcmnt
922 4101 1114 4199 posterioris
1136 4103 1252 4176 aetatis
1273 4101 1453 4200 scriptores
1476 4100 1534 4192 (ol.
1561 4103 1671 4197 Wopls
1691 4100 1791 4175 bectt.
1811 4100 1895 4176 Tull.
1915 4129 1948 4202 p.
1969 4099 2039 4173 203
2057 4096 2139 4192 sq),

370 4227 467 4302 qoam
491 4200 733 4301 perspicuitatis
758 4203 894 4277 maxime
919 4203 1022 4302 gratia
1045 4228 1119 4276 enm
1145 4204 1301 4302 gravitate
1323 4201 1513 4301 pronomina
1538 4205 1897 4278 oratiooi'ioseruntur.
1937 4203 2038 4286 Quem
2062 4220 2140 4293 gra·

371 4305 512 4391 ritatem,
543 4317 578 4376 ut
608 4304 649 4376 ab
675 4304 824 4403 exemplo
851 4331 1007 4405 perquam
1034 4305 1196 4378 luculento
1223 4306 1382 4393 exordiar,
1415 4330 1510 4377 nemo
1537 4331 1601 4378 non
1628 4307 1778 4404 agnoscit
1803 4308 1836 4381 in
1862 4299 2006 4378 custodis
2032 4298 2139 4370 verbis

370 4405 443 4479 λοι.
465 4405 559 4478 234:
590 4403 690 4488 τέλος
712 4429 753 4500 γε
774 4407 892 4499 μέντοι
918 4408 1043 4500 δεῦρ’
1070 4406 1225 4505 ἐνίκησεν
1245 4410 1362 4500 μολεῖν
1388 4405 1477 4496 σοί,
1510 4408 1597 4506 quod
1624 4433 1804 4506 pmnomen
1831 4409 1859 4481 si
1881 4399 2062 4489 sustuleris,
2089 4400 2139 4471 vix

371 4509 436 4581 diei
467 4520 586 4605 potest,
617 4532 714 4606 quam
746 4509 876 4582 multum
908 4510 949 4582 de
982 4508 1136 4608 singulari
1164 4510 1318 4583 orationis
1342 4511 1370 4581 vi
1398 4510 1594 4583 detramur.
1636 4509 1826 4585 Tollendum
1851 4518 1957 4577 autem
1983 4502 2142 4575 duxerunt

220 4606 225 4617 ’
370 4625 404 4685 et
426 4612 541 4682 Wund.
566 4622 599 4681 et
619 4610 796 4703 Emporias.
838 4611 878 4684 llt
904 4626 937 4684 ut
962 4637 1026 4684 non
1054 4612 1159 4685 dicam
1186 4613 1228 4685 de
1255 4625 1367 4684 natura
1393 4612 1539 4685 custodis
1565 4624 1598 4684 et
1623 4610 1855 4686 consuetudine
1882 4604 2017 4702 copiose
2043 4630 2138 4676 enar-

371 4711 476 4801 randi,
501 4723 752 4785 consentaneum
784 4711 872 4801 illud,
903 4714 975 4813 ipse
1001 4713 1227 4787 collocationis
1254 4712 1424 4786 insolentia
1454 4716 1535 4787 satis
1561 4713 1756 4812 insignitum,
1782 4733 1943 4807 personae
1969 4707 2140 4804 perturba·

370 4816 459 4887 tioni.
493 4812 687 4911 Exprimitur
712 4813 797 4886 enim
824 4814 905 4911 ipsis
932 4817 1039 4888 verbis
1066 4815 1202 4903 consilii,
1228 4816 1316 4915 quod
1342 4828 1455 4888 custos
1483 4830 1560 4914 post
1585 4815 1714 4888 multam
1741 4810 1984 4884 haesitationem
2011 4807 2139 4880 tandem

372 4917 506 5015 ceperit,
531 4913 730 4989 admirabilis
756 4916 906 4989 audacie:
934 4942 995 4991 nee
1021 4917 1145 4991 minore
1163 4918 1191 4990 ri
1220 4943 1398 5017 pronomen
1416 4944 1445 4988 v.
1466 4920 1550 4991 274.
1577 4917 1765 4991 collocatum
1792 4927 1845 4986 est
1869 4912 1900 4983 in
1928 4910 2000 5008 ipso
2027 4932 2140 4981 versos

372 5019 470 5091 initio.
525 5016 593 5091 Sed
625 5032 657 5088 ut
689 5043 729 5090 eo
761 5018 890 5091 redeam
924 5020 1007 5092 unde
1039 5045 1193 5119 egressus
1231 5046 1313 5109 sum,
1351 5020 1500 5094 adiicitur
1539 5016 1778 5117 perspicuitatis
1816 5040 1914 5088 causa
1952 5035 2140 5109 pronomen,
2297 5075 2307 5099 ,
