4674 5880
1081 272 1190 378 -.-²⁸

275 510 437 591 nuncium,
469 509 529 579 sed
561 534 645 598 eum,
679 510 732 606 qui
767 509 866 581 libere
900 511 1105 580 sermonibus
1138 508 1320 605 dirulgetur
1351 535 1390 580 ac
1422 524 1590 606 permanet
1623 512 1664 581 ad
1698 536 1795 583 aures
1828 512 1981 599 omnium.
2015 526 2059 593 ut.

276 613 363 711 quod
392 611 531 681 breviter
558 610 730 681 indicatum
760 635 839 682 rece
866 612 1041 704 φευκτά
1051 637 1067 680 ν
1093 625 1154 696 εει,
1187 611 1354 707 copiosius
1382 611 1466 681 idrm
1495 612 1543 681 bis
1571 612 1768 708 explicetur:
1800 618 1869 684 τῶν
1895 615 2060 706 μεγάλων

275 716 420 784 Δαναῶν
453 708 519 782 ι’ίπο
550 712 761 808 κληζομέναν
792 712 859 782 κτλ.
891 752 935 763 -
967 712 1069 782 l'orro
1096 713 1136 781 cl.
1157 711 1201 781 El.
1226 713 1312 782 131:
1344 708 1422 782 οῖδά
1454 735 1492 781 τε
1523 711 1582 782 καῖ
1612 713 1743 809 ξυνίημι
1777 715 1861 801 τάδ’,
1894 713 1937 785 οὔ
1962 714 1996 785 τί
2012 738 2060 805 με

274 813 559 910 conducendae
586 813 744 910 imprimis
772 814 814 883 ita
843 827 1029 909 comparata
1057 828 1199 883 suntet
1226 813 1370 884 Electrae
1399 814 1548 884 incitatus
1574 815 1702 884 animus
1729 830 1963 912 cognoscatur;
1987 831 2060 887 tan·

276 942 372 1013 qnam
408 915 449 985 ad
485 915 517 985 id
553 916 649 1004 enim,
691 914 777 1011 quod
813 915 931 984 sentiat
966 938 1097 1012 quoque
1132 915 1352 985 vehementius
1390 930 1640 1003 commoveatur,
1681 917 1923 1013 exprimendum
1963 919 2059 1014 copia

276 1018 445 1088 vorborum
470 1019 550 1087 satis
574 1018 616 1087 sit
639 1015 736 1099 nulla.
763 1016 850 1112 quod
875 1015 1044 1086 affirmarit
1070 1017 1211 1113 graviter
1234 1018 1432 1087 coniunctis:
1458 1013 1537 1086 atat
1564 1040 1601 1086 τε
1627 1015 1685 1086 καί
1710 1017 1852 1114 ξυνίημι,
1880 1032 1913 1088 ut
1939 1019 1969 1088 in
1998 1018 2061 1089 bac

277 1145 339 1189 una
366 1117 564 1213 cogitatione
592 1117 696 1188 dedra
725 1117 837 1187 iterum
864 1141 904 1186 ac
933 1116 1054 1187 lirmins
1081 1131 1267 1189 asseverat:
1299 1115 1341 1186 οὔ
1371 1117 1404 1186 τί
1429 1141 1477 1207 με
1507 1119 1683 1211 φυγγάνει.
1734 1118 1781 1189 Ac
1808 1118 1914 1190 solent
1939 1120 2060 1190 certius

275 1219 397 1316 aliquid
425 1218 641 1289 affirmaturae
668 1242 720 1389 up.
741 1217 842 1314 Soplr.
867 1241 1029 1313 personae
1057 1219 1193 1315 copioso
1222 1219 1284 1289 boc
1310 1220 1471 1289 sermonis
1499 1245 1620 1313 genere
1647 1217 1817 1291 delectari:
1845 1222 1885 1290 cl.
1906 1219 1951 1291 El.
1972 1221 2060 1292 222:

277 1317 388 1409 ἔξοιδ’,
416 1317 457 1389 οδ
490 1319 592 1389 λάθει
619 1318 654 1409 μ’
699 1319 782 1412 ργά.
813 1319 869 1388 rt.
891 1319 980 1389 205:
1009 1319 1129 1415 βάλλει
1157 1320 1192 1409 μ’
1220 1317 1329 1410 ἐτύμα
1361 1322 1500 1413 φθογγά
1532 1317 1704 1390 του-οὐδέ
1731 1343 1779 1410 με
1804 1320 1907 1390 λάθει
1930 1320 2061 1418 βαρεῖα

276 1423 424 1518 τηλόθεν
450 1419 542 1491 αθδδ
570 1421 769 1512 τρυσάνωρ·
797 1419 953 1515 διάσημα
979 1421 1048 1513 γάρ
1076 1424 1185 1511 θροεῖ.
1215 1422 1293 1491 llll.
1316 1422 1374 1491 58.
1403 1463 1447 1471 -—
1475 1422 1521 1490 di.
1546 1422 1632 1491 176:
1659 1421 1839 1515 ἀμήχανον
1864 1420 1907 1491 δὲ
1933 1421 2064 1503 παντὸς

276 1520 406 1615 ἀνδρὸς
429 1520 594 1611 ἐκμαθεῖν
621 1523 737 1618 ψυχήν
763 1545 802 1591 τε
826 1519 885 1590 καὶ
910 1522 1073 1616 φρόνημα
1100 1521 1158 1591 καὶ
1183 1524 1334 1616 γνώμην,
1362 1547 1446 1618 quae
1465 1522 1621 1593 vocabula
1648 1522 1844 1618 aliquantum
1871 1547 1951 1593 sane
1979 1525 2062 1595 inter

276 1650 312 1695 se
341 1622 509 1711 dillerun13
537 1625 577 1695 cl.
602 1627 739 1694 Ldblrcr.
765 1620 867 1719 Sopb.
888 1621 1001 1692 l'beol.
1028 1647 1057 1692 u.
1084 1622 1153 1693 litb.
1180 1650 1211 1719 p.
1235 1625 1282 1694 10
1306 1651 1379 1720 sqq.
1407 1625 1478 1693 linr.
1506 1623 1573 1694 nte.
1597 1625 1679 1694 108.
1702 1664 1746 1675 -
1768 1618 1815 1712 ni..
1837 1625 1926 1695 415:
1952 1623 2061 1695 πολδν

276 1726 386 1816 δαρόν
423 1748 460 1795 τε
489 1724 629 1819 χρόνον.
667 1725 717 1794 Fr.
745 1723 831 1811 583.
860 1724 899 1794 d:
935 1720 973 1794 ἐν
1005 1723 1140 1820 βραχεῖ
1167 1723 1302 1816 κώλίγῳ
1334 1725 1467 1818 χρόνῳ.
1515 1725 1546 1794 ln
1580 1739 1727 1821 tempore
1758 1725 1842 1796 enirn
1875 1724 2060 1796 deliniendo

275 1841 403 1899 ueteres
431 1828 567 1922 copiose
594 1826 784 1924 loquuntur3
811 1825 851 1895 cl.
872 1826 998 1896 uuam.
1019 1827 1059 1896 ad
1081 1827 1170 1896 [lem.
1191 1825 1231 1894 dc
1250 1850 1318 1896 cor.
1340 1853 1371 1922 p.
1393 1828 1476 1897 204.
1519 1826 1604 1896 ldem
1633 1826 1717 1897 solet
1744 1826 1811 1897 lieri
1839 1827 1870 1896 in
1899 1826 1948 1913 iis,
1974 1851 2060 1923 quae

277 1929 318 1999 de
350 1940 485 1999 morte
517 1929 721 2025 vitaeque
754 1927 928 1996 lortuna
960 1927 1126 2011 dicuntur;
1158 1927 1197 1997 cl.
1227 1926 1299 1995 Eur.
1328 1926 1395 1998 Alc.
1424 1930 1484 1998 18:
1514 1930 1632 1997 θανεῖν
1662 1925 1731 2019 πρὸ
1761 1925 1875 1998 κείνου
1901 1926 1982 2023 μηδ’
2007 1922 2059 1996 ἔτ’

277 2029 418 2121 εἰσορᾶν
441 2028 543 2122 φάος.
568 2028 666 2099 libes.
688 2028 772 2100 967:
797 2030 850 2107 ὡς
869 2028 988 2097 θανών
1006 2051 1045 2098 τε
1067 2025 1131 2098 κού
1153 2025 1309 2097 λεύσσων
1332 2029 1433 2122 φάος.
1456 2028 1522 2100 Alc.
1544 2029 1613 2099 291
1636 2053 1699 2125 sq.:
1722 2029 1840 2108 καλῶς
1855 2027 1922 2119 μὲν
1945 2026 2062 2108 αὐτοῖς

277 2122 530 2221 άμπλακεῖν
557 2129 642 2225 ἧκον
666 2126 788 2226 βίου,
815 2128 934 2209 καλῶς
956 2128 999 2198 δὲ
1025 2135 1136 2198 σῶσαι
1162 2129 1269 2198 παῖδα
1296 2128 1529 2211 κεδκλεως
1552 2133 1719 2200 θανεῖν.
1756 2128 1944 2226 Explicandi
1972 2129 2059 2199 enim
2126 2194 2132 2201 .

276 2258 376 2303 rausa
412 2232 611 2328 adscriptum
646 2233 891 2300 κατθανεῖν
917 2256 945 2300 r.
974 2230 1059 2300 291.
1088 2230 1163 2299 illud
1200 2230 1286 2326 quod
1323 2232 1445 2302 conieci
1480 2232 1605 2303 ridetur
1640 2231 1801 2327 exegisse.
1846 2229 1913 2300 llel.
1944 2229 2061 2303 1666:

276 2332 358 2403 ὅταν
389 2332 432 2402 δὲ
460 2332 606 2428 κάρφης
633 2330 692 2402 καλ
722 2332 933 2426 τελευτήσῃς
957 2330 1034 2428 βίον
1065 2332 1122 2421 (cl.
1144 2334 1256 2402 Mnnlr.
1277 2331 1318 2401 ad
1344 2332 1438 2428 llipp.
1459 2334 1537 2422 86.)
1577 2333 1681 2402 Νοοο.
1702 2331 1795 2401 Dion.
1817 2333 1876 2401 40.
1897 2331 1979 2402 129.
2000 2331 2060 2420 46,

278 2436 366 2505 26οε
393 2431 587 2527 οἰχομένοιο
613 2431 673 2504 καί
697 2431 896 2523 ὀλλυμένου.
933 2433 1044 2530 ltaque
1071 2432 1252 2529 desperans
1280 2433 1321 2503 de
1348 2434 1452 2503 salute
1480 2459 1538 2504 sua
1567 2431 2060 2529 HerculesTraclr.1143sq.:

277 2533 462 2629 οἴχομαι,
487 2535 599 2632 inquit,
624 2533 745 2615 τάλας·
768 2531 899 2619 ὄλωλ’,
924 2530 1078 2620 ὄλωλα,
1102 2532 1258 2627 φέγγος
1278 2532 1343 2604 οὐκ
1365 2530 1416 2604 ἔτ’
1435 2530 1526 2604 ἔστ’
1546 2533 1667 2605 ίδεῖν.
1706 2534 1774 2603 llac
1798 2539 1882 2604 enim
1906 2533 2060 2605 emenda·

276 2637 364 2709 tione
395 2662 495 2734 agere
527 2635 620 2707 locus
646 2636 781 2719 ridetur,
814 2659 886 2704 cum
918 2660 1024 2732 neque
1055 2633 1186 2730 φέγγος
1213 2635 1255 2705 ad
1287 2634 1472 2706 salnlem
1500 2637 1584 2707 ritae
1615 2635 1781 2707 transferri
1815 2633 1929 2715 soleat,
1961 2649 1992 2704 et
2017 2636 2060 2704 ob

279 2763 328 2809 ea.
352 2762 436 2834 quaa
458 2738 609 2810 adiuncta
634 2751 720 2823 sunt,
744 2736 860 2807 ritae
885 2734 1021 2808 lucem
1046 2737 1307 2808 exstinctam
1330 2735 1501 2809 llerculem
1525 2738 1646 2825 dicere,
1669 2735 1842 2806 admodum
1866 2734 2060 2807 verisimile

279 2840 330 2909 sit.
373 2839 442 2909 Hoc
476 2852 582 2910 autem
616 2837 750 2935 exprimi
783 2837 835 2923 iis,
870 2863 954 2934 qnae
987 2839 1018 2907 in
1051 2838 1139 2907 libris
1172 2837 1337 2933 legantur:
1378 2838 1510 2932 φέγγος
1539 2837 1603 2908 οὐκ
1636 2831 1686 2906 ἔτ’
1713 2833 1807 2907 ἔστι
1837 2860 1934 2926 μοι,
1972 2850 2061 2908 recte

279 2942 443 3028 Nauclrius
470 2940 606 3033 negavit.
636 2981 680 2990 -
709 2937 777 3010 Sed
804 2938 909 3023 huius.
936 2965 1032 3036 quam
1061 2938 1157 3010 medo
1184 2938 1260 3011 dixi.
1288 2953 1429 3025 ueterum
1458 2938 1701 3010 consuetudinis
1729 2938 1970 3009 excusationem
1998 2963 2060 3009 nnn

278 3042 408 3130 habent,
436 3066 520 3139 quae
549 3040 698 3136 leguntur
724 3039 849 3132 Fragrn.
869 3039 955 3127 583,
983 3043 1003 3111 2
1033 3060 1103 3137 sq.:
1128 3037 1208 3130 πρὶν
1234 3038 1333 3132 αὐτῷ
1358 3041 1532 3120 παντελῶς
1556 3040 1625 3134 ἤδη
1647 3038 1745 3134 βιός
1768 3039 2059 3133 διεκπερανθῇ

280 3142 353 3213 καῖ
380 3143 633 3236 τελευτήσῃ
658 3139 780 3237 βίον,
815 3141 866 3211 cni
895 3142 1006 3237 putide
1033 3155 1187 3212 oneratae
1214 3143 1394 3212 sententiae
1422 3143 1463 3212 ita
1492 3141 1644 3212 studebat
1670 3144 1848 3238 Blomfield.
1878 3139 2060 3219 subvenire.

281 3260 312 3314 ut
340 3270 398 3338 pro
422 3242 502 3340 βίος
526 3242 687 3315 scriberet
707 3240 895 3336 χρόνος,
924 3268 1020 3339 quam
1048 3243 1266 3313 coniecturam
1295 3244 1411 3338 probat
1438 3247 1562 3313 Νανοίι.
1595 3244 1669 3313 ors.
1699 3247 1780 3314 critt.
1807 3269 1841 3335 p.
1863 3243 1920 3313 25.
1964 3240 2072 3329 (ltem

281 3346 364 3416 Eur.
395 3345 464 3415 tto.
492 3345 577 3416 213.
607 3344 814 3441 scripserim:
848 3342 997 3440 ἀβίωτον
1029 3342 1086 3413 τὸν
1119 3339 1239 3413 ἔπειτα
1268 3342 1370 3441 βιόν
1398 3343 1583 3441 βιοτεύσει,
1620 3369 1680 3441 pro
1707 3345 1901 3438 χρόνον).
1947 3341 2061 3438 Neque

281 3473 357 3518 rero
385 3446 547 3543 displicet.
574 3445 662 3543 quod
690 3448 806 3537 Bcrplr.
836 3446 1025 3542 proposuit:
1053 3444 1240 3535 πότμος,
1268 3447 1307 3515 cl.
1336 3449 1472 3517 Person.
1502 3447 1543 3516 ad
1570 3445 1644 3515 Eur.
1674 3445 1750 3516 Hec.
1778 3446 1885 3516 1252.
1932 3442 2058 3541 Fragrn.

281 3548 402 3646 Adesp.
433 3547 518 3629 367,
545 3549 578 3617 2.
622 3545 733 3644 Longe
760 3560 865 3617 tamen
895 3559 1063 3643 praestare
1093 3547 1168 3617 mibi
1197 3547 1321 3617 ridetur
1356 3547 1434 3618 baec
1462 3546 1657 3632 coniectura,
1694 3571 1758 3643 qua
1790 3570 1829 3616 ex
1856 3542 2066 3615 11111111οΣ

280 3674 377 3719 erno:
405 3646 666 3719 HAHTPlssot'
698 3649 728 3718 lr.
758 3673 787 3719 e.
822 3648 908 3743 ηδη
942 3646 1116 3743 τρίβος·
1152 3649 1193 3718 cl.
1224 3649 1339 3717 dnacr.
1368 3649 1428 3720 24.
1464 3651 1506 3725 2:
1539 3646 1700 3744 βιότου
1728 3644 1887 3742 τρίβον
1913 3646 2058 3716 ὁδεύειν.

282 3749 350 3821 llel.
380 3750 488 3846 Epigr.
517 3750 570 3821 ed.
599 3751 727 3821 Jacobs.
757 3748 820 3833 Vll,
848 3750 907 3834 44,
937 3752 975 3820 1;
1004 3747 1103 3844 ποίην
1130 3773 1180 3830 τις
1200 3748 1383 3846 βιότοιο
1410 3750 1511 3839 τάμοι
1537 3747 1706 3846 τρίβον.
1746 3747 1805 3834 45,
1836 3748 1872 3821 11
1899 3746 2063 3842 παντοίην

277 3851 458 3947 βιότοιο
490 3853 612 3943 τάμοις
641 3849 806 3948 τρίβον.
850 3850 923 3920 Eur.
949 3851 1043 3920 llere.
1069 3853 1089 3920 l.
1116 3851 1208 3922 434:
1240 3848 1393 3940 ἐπμὲνει
1420 3851 1531 3919 πλάτα
1555 3847 1660 3945 βίου
1686 3844 1922 3919 κέλευθον.
1960 3849 2060 3919 lsocr.

199 4020 207 4029 ,,
280 3953 321 4023 ad
343 3953 431 4023 llam.
452 3957 483 4039 §.
504 3954 549 4026 5:
576 3950 652 4021 ὅσοι
674 3951 743 4044 γάρ
767 3954 827 4020 τοῦ
851 3950 956 4048 βίου
980 3951 1107 4047 ταύτην
1131 3951 1191 4045 την
1214 3950 1319 4021 θδδν
1344 3949 1601 4046 ἐπορεύθησαν.
1636 3952 1781 4021 Moabitas
1798 3950 1840 4021 ad
1859 3949 1976 4021 Anacr.
1998 3948 2017 4017 l.
2039 3948 2059 4018 l.

281 4055 327 4124 ,lc
360 4050 507 4124 similiter
531 4055 704 4144 Euripides
730 4053 857 4148 Fragm.
879 4054 964 4140 757,
996 4055 1030 4123 8.
1065 4054 1106 4124 dc
1138 4054 1220 4122 vitae
1253 4077 1349 4122 cursu
1378 4051 1577 4148 perficiendo
1604 4054 1859 4143 διεκπερᾶν
1890 4050 1984 4133 dicit3
2018 4048 2058 4118 el.

282 4155 349 4251 lpb.
370 4154 407 4224 ll.
431 4156 488 4225 18.
514 4154 607 4225 llerc.
630 4156 649 4225 1.
671 4156 755 4225 428.
778 4196 821 4204 ——
849 4154 936 4225 ldem
963 4167 1070 4225 autam
1098 4153 1288 4234 vocabulum
1317 4151 1476 4249 τρίβος
1500 4179 1563 4223 non
1592 4153 1699 4248 inepte
1727 4153 1901 4250 scripseris
1925 4148 2059 4219 Aescb.

281 4258 340 4352 lg.
362 4256 452 4328 444:
480 4255 628 4349 τυχηρὸν
654 4253 750 4327 ὄντ’·
776 4255 975 4349 παλιντυχεῖ
994 4253 1123 4351 τρίβῳ
1148 4254 1238 4351 βίον.
1262 4296 1306 4305 -
1330 4255 1377 4323 Ac
1403 4254 1527 4325 ridetur
1554 4254 1675 4324 boc-in
1704 4254 1793 4325 libris
1820 4251 1953 4347 saepius
1980 4273 2061 4320 rece

278 4356 382 4451 βιός
405 4371 528 4427 temere
555 4370 782 4428 commutatum
811 4382 898 4441 essa,
926 4356 1012 4453 quod
1041 4357 1169 4452 quidem
1198 4357 1312 4427 nescio
1339 4380 1379 4425 an
1407 4356 1502 4426 etiam
1527 4355 1604 4426 0.t:.
1629 4357 1740 4429 1551:
1767 4355 1836 4449 ἤδη
1863 4350 1932 4442 γάρ
1959 4349 2060 4442 ἕρπω

281 4457 337 4527 τὸν
364 4458 558 4527 τελευταῖον
582 4454 658 4551 βίον
683 4457 829 4554 κρύβων
855 4457 944 4549 παρ’
967 4455 1092 4554 Ἅιδην·
1119 4458 1283 4529 acciderit.
1324 4457 1422 4528 Recte
1449 4457 1532 4528 enim
1556 4459 1691 4528 Martie.
1721 4458 1740 4526 Ι.
1762 4455 1781 4524 Ι.
1810 4477 1842 4548 p.
1863 4451 1922 4522 32.
1952 4453 2062 4525 existi·

281 4560 388 4647 mavit.
414 4572 548 4655 propter
576 4557 688 4628 sedem
715 4557 838 4631 articuli
867 4559 1033 4655 prolepsin
1061 4558 1207 4631 adiectivi
1235 4557 1330 4628 statui
1359 4559 1408 4628 vix
1437 4582 1547 4654 posse.
1592 4558 1688 4644 Quod
1715 4554 1854 4625 coniecit
1880 4566 1988 4626 autem
2016 4555 2062 4623 vir

281 4661 510 4733 doctissimus:
539 4659 671 4729 τόνδε
695 4659 903 4730 δείλαιον
928 4658 1015 4757 βίον,
1045 4686 1107 4731 non
1132 4659 1252 4730 arridet
1276 4659 1367 4745 milri3
1395 4672 1578 4756 praestaret
1602 4674 1701 4740 carte,
1727 4655 1786 4724 nisi
1812 4680 1862 4726 me
1886 4654 1975 4741 fallit,
2004 4653 2060 4726 τὸν

282 4758 577 4850 ταλαίπωρον
601 4758 689 4854 βίον,
718 4761 757 4830 cl.
787 4762 865 4833 013.
886 4762 945 4833 91.
987 4760 1054 4833 Sed
1083 4763 1210 4833 naboe
1237 4758 1365 4855 quidem
1394 4760 1561 4854 probabile
1584 4761 1688 4830 duco:
1717 4757 1841 4827 ridetur
1863 4757 1904 4828 ad
1930 4756 2058 4827 verbum

283 4863 407 4954 ἕρπω
436 4860 535 4932 multo
562 4861 841 4932 accommodatius
868 4888 945 4935 esse
972 4862 1162 4933 vocabulum
1190 4860 1362 4958 τρίβος,
1389 4862 1429 4932 cl.
1454 4862 1525 4933 bnt.
1549 4858 1662 4930 1213:
1688 4858 1962 4952 δυστυχεστάτην
1986 4848 2060 4924 κέ-

282 4967 448 5034 λευθον
475 4960 612 5052 ἕρπω.
657 4962 853 5036 rn1222:
881 4962 1113 5055 παλίντροπος
1136 4963 1360 5035 κέλευθον
1388 4962 1557 5054 ἕρπεις.
1600 4957 1647 5025 lli.
1669 4959 1761 5033 287:
1790 4958 1966 5041 aaaron<
1989 4951 2059 5045 rp-
