4674 5880
1022 271 1310 381 .-...„.„*¹9..-

283 521 392 592 κλύειν
423 514 463 589 ἔκ
493 539 582 596 τινος
611 514 746 597 dicatur,
778 536 882 608 neque
914 510 1090 583 inveniatur
1120 510 1207 607 apud
1239 507 1449 607 Sophoclem,
1470 507 1567 605 -apud
1594 507 1765 579 Homerum
1798 524 1903 581 tamen
1935 509 2050 603 legitur

284 623 344 696 Od.
366 621 424 708 ta,
448 621 511 694 93:
543 615 620 689 ἐπεὶ
647 613 698 694 ἐξ
720 611 830 704 ἐμεῦ
857 608 1018 694 ἔκλυες
1042 611 1164 708 αὐτῆς·
1197 612 1358 710 significat
1384 622 1491 682 autem
1518 610 1639 708 pariter
1663 624 1761 709 atque
1787 615 1966 685 audirem
1991 611 2051 684 ali·

283 750 357 822 quo,
392 723 432 795 de
464 748 528 821 quo
560 719 600 790 cl.
623 720 729 799 Klotz.
754 713 827 787 lex.
847 743 876 786 v.
897 717 1007 803 audio,
1038 714 1057 785 i.
1083 741 1115 810 q.
1141 741 1181 785 ea
1210 723 1279 808 ι’ριο
1311 713 1493 810 comperire
1519 729 1694 805 praesente.
1736 714 1841 810 Atque
1867 714 1953 787 baud
1979 713 2050 787 scio

282 851 323 897 an
355 824 503 898 consulto
535 823 618 891 banc
648 817 919 888 constructionem
950 831 1046 912 poeta
1078 816 1225 912 elegerit,
1259 815 1401 913 illudque
1432 813 1610 885 addiderit:
1644 814 1738 886 τοῦδ’
1770 813 1812 896 ἐξ
1842 814 1980 909 ἀνδρός,
2017 826 2051 886 ut

282 954 355 1000 curn
389 926 546 1023 cupiditas
582 919 738 1017 quaedam
773 919 907 1013 sitisque
940 919 1102 988 bominum
1135 929 1222 989 tecte
1254 919 1500 1015 perstringatur,
1533 940 1572 987 ex
1603 916 1676 1014 ipso
1708 916 1853 988 lictorum
1886 919 2050 989 criminum

283 1045 413 1103 auctore
438 1022 598 1105 audiendi,
628 1033 692 1091 tum
723 1045 819 1118 quam
851 1020 945 1091 lidem
977 1018 1115 1091 babeant
1143 1019 1429 1116 auctoritatemque
1459 1043 1605 1090 rumores
1636 1017 1679 1090 illi
1709 1043 1748 1090 ac
1777 1019 1922 1109 crimina,
1951 1021 2051 1114 signi·

283 1133 406 1206 licetur.
461 1125 527 1198 Sed
558 1123 598 1195 ad
630 1123 803 1194 institutam
836 1121 1085 1218 disputationem
1116 1133 1270 1192 revertor.
1299 1120 1377 1193 0.C.
1398 1120 1486 1192 737:
1517 1119 1872 1217 ἀπεστάλην·ούκ
1903 1119 1946 1203 ἐξ
1972 1119 2053 1202 ἑνὸς

270 1231 548 1307 ’στείλαντος
575 1225 710 1321 copiose
741 1228 847 1296 Creon
882 1249 957 1297 sese
991 1221 1131 1320 legatum
1168 1223 1300 1295 missum
1333 1248 1409 1295 esse
1441 1221 1588 1312 affirmat,
1623 1235 1657 1293 ut
1691 1221 1858 1317 legationis
1893 1249 1936 1321 ap
1960 1237 2052 1296 areat

282 1334 466 1408 auctoritas.
507 1327 618 1424 Neque
644 1327 817 1397 obscurum
842 1340 891 1397 est
913 1339 1031 1423 poetae
1054 1323 1224 1396 consilium
1246 1325 1295 1396 Αἰ.
1312 1326 1402 1398 260:
1429 1323 1560 1395 οἰκεῖα
1584 1324 1694 1421 πύθη,
1719 1324 1905 1421 μηδενὸς
1924 1250 2049 1396 ἀλλον

283 1430 680 1526 παραπροίξαντος.
719 1427 800 1499 OC.
830 1428 893 1500 93:
933 1425 1019 1524 ἄτην
1053 1426 1095 1497 δὲ
1128 1430 1198 1508 τοῖς
1228 1426 1481 1525 πέμψασιν,
1521 1424 1631 1516 οἴμ’
1663 1425 1924 1522 ἀπήλασαν,
1964 1453 2049 1526 quae

282 1536 377 1608 verba
408 1536 488 1605 bane
519 1531 656 1602 illustrat
683 1531 874 1602 Schneidew.
916 1530 1021 1627 Atque
1051 1552 1091 1600 ex
1121 1529 1183 1600 bac
1213 1529 1341 1601 dicendi
1373 1529 1608 1601 consuetudine
1638 1526 1727 1600 salus
1758 1528 1898 1626 petenda
1925 1529 2050 1603 videtur

283 1641 334 1712 iis.
359 1662 441 1736 quae
466 1634 616 1706 Creontis
640 1632 736 1703 verba
762 1630 1153 1728 0.R.1⁴l77.leguntur:
1185 1629 1258 1725 ἐγὼ
1288 1633 1357 1723 γάρ
1389 1629 1452 1722 elul
1478 1631 1499 1700 d
1524 1630 1826 1722 πορσύνιιςζτάῦε,
1856 1629 1961 1723 γνούς
1988 1631 2049 1726 την

284 1743 462 1832 παοοῦσαν
496 1735 627 1832 τέρψιν,
663 1733 686 1828 ἦ
722 1733 756 1804 σ’
792 1731 882 1829 εἶχεν
917 1734 1032 1804 πάλαι.
1086 1732 1269 1804 llbsurdum
1303 1748 1355 1805 est
1388 1733 1473 1804 enim
1508 1735 1767 1824 παροῦσαν,
1809 1734 1894 1828 quod
1930 1733 2049 1804 nemini

282 1842 377 1912 miror
402 1837 572 1910 ollensiuni
600 1836 711 1908 luisse.
738 1862 797 1934 pro
824 1859 929 1930 coque
956 1833 1176 1907 scribendum:

544 1936 648 2030 γνούς
671 1939 732 2034 την
758 1937 840 2027 (velz
865 1937 956 2033 σὴν)
983 1940 1246 2027 προσοῦσαν
1273 1935 1405 2034 τέρψιν,
1437 1937 1461 2032 ἦ
1487 1936 1521 2005 σ“
1548 1932 1639 2030 eben
1664 1937 1781 2025 πάλαι,

279 2044 310 2115 b.
332 2069 361 2116 e.
378 2044 547 2136 propriam
571 2058 659 2111 tuom
682 2044 936 2125 delectationem
959 2039 1045 2134 quod
1070 2039 1217 2136 imperite
1240 2053 1393 2111 mutatum
1419 2053 1480 2128 est,
1504 2051 1538 2110 ut
1555 2039 1749 2111 contrarium
1768 2040 1893 2111 scilicet
1910 2052 2051 2112 exstaret

280 2147 350 2217 voci
382 2144 497 2214 πύλαι.
526 2142 567 2213 cl.
592 2141 640 2213 Αἱ.
663 2143 778 2216 1079;
809 2141 893 2223 δέος
920 2141 989 2234 γὰρ
1021 2137 1054 2213 ιύ
1079 2139 1323 2232 πρόσεστιν
1354 2139 1496 2237 αἰσχύνη
1527 2141 1560 2212 θ’
1586 2140 1685 2232 ύμοῦ.
1713 2140 1762 2212 Fr.
1789 2141 1879 2214 757:
1909 2139 1981 2235 ύτῳ
2014 2143 2048 2212 δ’

279 2244 415 2339 ἔρωτος
443 2247 559 2340 δῆγμα
591 2245 748 2317 παιδικοῦ
781 2250 940 2340 προσῇ.
973 2242 1018 2315 ΕΙ.
1044 2244 1128 2317 654.
1151 2242 1228 2314 Eur.
1253 2242 1299 2315 El.
1325 2243 1414 2316 254:
1446 2244 1469 2337 ἡ
1501 2242 1531 2312 ιλ
1557 2240 1722 2341 εὐσέβεια
1754 2242 1803 2326 τίς
1830 2243 2049 2335 πρόσεστι

277 2354 335 2442 σῷ
357 2348 471 2432 πόσεις
495 2347 607 2441 Neque
634 2345 771 2418 alienum
798 2360 850 2418 est
874 2347 1023 2419 conferre
1048 2344 1127 2418 0.ll.
1149 2345 1237 2418 338:
1263 2345 1325 2441 τὴν
1350 2344 1431 2441 σην
1456 2344 1490 2414 δ’
1512 2345 1625 2435 ὁμοῦ
1652 2344 1869 2416 ναίονσαν
1894 2344 2047 2441 (ἀργήν).

278 2452 361 2523 llicit
388 2450 483 2546 igitur
508 2450 612 2520 Creon
640 2449 906 2521 consuetudinem
933 2447 1080 2536 liliorum,
1116 2471 1177 2541 qua
1203 2447 1329 2519 animus
1355 2446 1471 2545 Oedipi
1499 2447 1702 2519 consueverit
1727 2472 1858 2546 semper
1883 2445 2047 2519 oblectari.

277 2552 387 2650 Saepe
413 2567 519 2623 autern
546 2550 659 2642 πρός
681 2566 714 2624 et
739 2551 863 2642 παρα
889 2549 1023 2622 confusa
1049 2574 1124 2621 esse
1151 2564 1291 2632 constan
1318 2550 1358 2621 cl.
1378 2553 1470 2621 Pom.
1489 2548 1531 2619 ad
1554 2549 1627 2621 Eur.
1643 2547 1699 2621 Or.
1719 2548 1804 2621 679.
1824 2561 1858 2622 et
1880 2551 1980 2647 prael.
2005 2550 2048 2621 ad

279 2656 356 2727 llec.
377 2679 408 2751 p.
431 2651 517 2724 LVll.
539 2695 583 2705 —-
604 2653 672 2724 Nec
698 2651 867 2724 debilitare
894 2651 1034 2724 debebat
1067 2654 1215 2723 Wunder.
1240 2651 1426 2724 coniectura
1453 2675 1512 2723 sua
1540 2649 1601 2721 vim
1628 2652 1819 2741 sententiae,
1845 2675 1939 2746 quarn
1966 2651 2046 2748 Clyt.

280 2755 471 2853 pronunciat
500 2753 546 2826 El.
572 2755 660 2827 532:
695 2752 759 2826 ούκ
792 2752 864 2825 ἴσον
897 2754 1019 2845 καμὼν
1053 2751 1157 2846 ἐμοὶ
1188 2753 1310 2850 λύπης,
1345 2752 1397 2824 ὅτ’
1429 2749 1571 2845 ἔσπειρ’,
1604 2751 1758 2845 ὥσπερ
1793 2756 1816 2849 η
1851 2752 2048 2826 τίκτουσ·

279 2857 376 2951 ἐγώ.
405 2858 446 2927 cl.
467 2858 658 2929 Scbneideto.
678 2856 719 2928 ad
738 2858 769 2926 b.
790 2854 810 2927 Ι.
840 2897 883 2907 -
914 2855 970 2927 llis
996 2856 1137 2953 adiungo
1163 2859 1238 2928 Ant
1262 2857 1326 2928 87:
1358 2852 1481 2926 πολλὸν
1512 2852 1639 2950 ἐχθίων
1670 2849 1743 2925 ἔσει
1767 2858 1935 2949 σιγῶσ’,
1969 2854 2049 2927 ἐὰν

273 2960 335 3055 μὴ
367 2966 473 3029 πᾶσι
504 2958 707 3055 κηρύξης
734 2958 831 3048 τάόε,
863 2981 947 3052 quae
977 2958 1117 3030 animum
1148 2959 1290 3054 produnt
1320 2983 1443 3051 magno
1468 2981 1569 3054 opere
1600 2957 1830 3054 perturbatum.
1868 2958 1963 3044 Quod
1989 2959 2049 3029 ad·

278 3063 363 3134 ditur
396 3075 502 3132 autern
533 3060 632 3131 verbo
666 3067 810 3152 σιγῶσα,
845 3060 877 3130 id
912 3083 984 3131 cum
1020 3059 1091 3156 plus
1126 3060 1269 3131 continet
1302 3061 1422 3157 priore,
1456 3073 1522 3130 tum
1556 3058 1718 3155 significat
1751 3084 1802 3146 ea,
1835 3083 1918 3154 quae
1951 3059 2050 3158 gestit

279 3164 438 3261 Antigona
471 3178 504 3235 et
530 3163 740 3260 concupiscit.
782 3161 903 3235 Similis
935 3162 1031 3258 igitur
1061 3161 1187 3234 exsistit
1218 3161 1321 3234 oratio
1353 3162 1393 3243 ei,
1424 3186 1487 3256 qua
1519 3185 1576 3232 usa
1609 3160 1705 3232 modo
1736 3160 1860 3234 lsmena
1893 3176 1954 3251 est,
1984 3185 2048 3256 qua

280 3265 484 3343 similitudine
519 3265 670 3360 responsi
705 3266 841 3336 maxima
873 3265 984 3357 augeri
1018 3265 1236 3352 acerbitatem,
1275 3264 1347 3358 quis
1382 3278 1434 3336 est
1466 3263 1521 3361 qui
1558 3287 1621 3333 non
1658 3259 1802 3335 sentiat?
1830 3306 1873 3316 -
1904 3263 2048 3358 [lenique

280 3368 350 3439 Ant
369 3368 482 3442 1090:
508 3364 567 3438 καί
582 3372 657 3459 γνῷ
673 3365 812 3461 τρέφειν
828 3365 890 3462 τὴν
906 3365 1064 3457 γλῶσσαν
1080 3363 1319 3461 ὴσιιχιοτέραν,
1341 3363 1400 3436 τὸν
1417 3369 1496 3436 νοῦν
1518 3365 1548 3435 τ’
1572 3362 1702 3456 ἀμείνω
1726 3370 1803 3436 τῶν
1824 3371 2004 3460 φρενῶν,
2023 3365 2047 3462 ἢ

282 3471 348 3539 νῦν
363 3469 485 3563 φέρει
502 3469 652 3565 coniungi
673 3493 772 3565 posse
790 3472 869 3539 νοῦν
885 3474 1034 3562 φρενῶν,
1049 3468 1137 3562 quod
1155 3466 1324 3540 verborum
1343 3465 1513 3539 collocatio
1531 3481 1736 3563 repugnaret,
1750 3481 1838 3540 recte
1852 3469 2045 3540 Schneidew.

280 3571 417 3663 negavit,
450 3574 614 3666 Ετψαιάιὶι·
647 3569 892 3667 explicationem
925 3568 980 3641 ille
1012 3569 1140 3665 quidem
1173 3574 1327 3656 secutus}
1356 3593 1397 3641 ac
1431 3568 1552 3640 similes
1585 3569 1659 3640 huic
1691 3570 1921 3641 constructioni
1956 3569 2047 3642 locos

279 3689 515 3846 fpppqqn
532 3671 1405 3871 lltltltlt·ltt'tlltffl·tl⁰ttl
1425 3670 2045 3871 tilltqlllttlltttlt·

321 3823 330 3853 ·.
404 3827 413 3846 r
488 3832 495 3846 ·
1156 3826 1167 3864 η
2031 3814 2048 3831 “

280 3873 425 3944 stantiva.
477 3877 566 3949 Unde
593 3878 641 3950 vel
669 3878 859 3974 repugnanti
887 3877 962 3948 mibi
989 3877 1170 3949 renascitur
1195 3875 1368 3947 identidem
1396 3875 1543 3974 suspitio,
1577 3875 1762 3947 coniectura
1790 3874 1947 3947 laboranti
1974 3879 2048 3948 loco

281 3977 530 4047 succurrendum
557 4003 652 4066 esse3
677 4004 717 4050 ac
740 4005 780 4050 ne
803 3977 1002 4077 ἀσύμβολος
1021 3979 1199 4066 discedam,
1225 3977 1329 4049 dicam
1354 3978 1440 4072 quod
1464 3977 1579 4048 sentio.
1616 3976 1768 4048 Fortasse
1786 3978 1916 4074 scripsit
1934 3993 2048 4075 poeta:

280 4074 337 4144 τόν
363 4081 440 4146 νοῦν
466 4079 495 4148 τ’
522 4079 650 4168 ἀμείνω
677 4087 755 4151 τῶν
780 4105 825 4173 γε
852 4084 919 4151 νῦν
944 4079 1089 4175 φέρειν
1114 4085 1288 4175 φρενῶν.
1319 4121 1362 4131 -
1942 4092 1944 4096 ’

381 4176 437 4248 llis
471 4181 637 4277 expositis,
671 4183 852 4278 relinquere
888 4181 963 4254 nolo
998 4183 1163 4281 copiosam
1198 4181 1358 4276 quandam
1394 4182 1625 4254 sententiarum
1660 4182 1803 4265 formam,
1840 4183 1881 4253 itu
1916 4183 2045 4276 quidem

278 4293 509 4377 comparatam,
543 4296 577 4352 ut
608 4284 750 4381 duplex
784 4298 888 4356 exstet
920 4285 1081 4357 enunciati
1114 4282 1317 4380 apodosis.
1366 4285 1458 4371 Quae
1491 4284 1646 4354 orationis
1681 4283 1812 4354 ubertas
1845 4299 2047 4383 quantopere

278 4407 351 4452 cum
378 4381 548 4479 diligenter
573 4387 744 4457 enarrandi
772 4387 889 4471 studio,
916 4403 980 4458 turn
1007 4387 1101 4458 animi
1128 4385 1331 4457 concitationi
1358 4397 1577 4457 consentanea
1603 4385 1656 4474 sit,
1682 4385 1772 4458 lacile
1798 4400 1849 4458 est
1875 4384 2044 4460 intellectu.

278 4484 437 4578 Apposite
468 4485 565 4583 igitur
593 4487 634 4557 ad
666 4490 813 4561 fortunae
843 4489 1013 4576 tristitiam,
1043 4512 1138 4583 quarn
1170 4487 1325 4560 describit
1355 4488 1502 4559 nuncius.
1533 4487 1637 4559 oratio
1662 4489 1862 4559 conformata
1888 4502 1941 4560 est
1965 4488 2044 4562 ΟΒ.

169 4600 178 4621 ’
259 4587 375 4655 ’1277
394 4607 482 4682 sqq:
515 4586 638 4682 φοίνιαι
672 4589 707 4659 d‘·
736 4591 825 4681 ὁμοῦ
858 4590 1017 4688 γλῆναι
1050 4589 1188 4684 γένει’
1219 4585 1427 4684 ἔτεγγον,
1463 4587 1539 4661 οὐδ’
1571 4587 1709 4660 ἀνίεσαν
1741 4588 1848 4684 φόνον
1876 4591 2047 4680 μούιύσας

276 4686 456 4777 σταγόνας,
492 4689 562 4760 ἀλλ’
596 4691 707 4781 ὁμοῦ
739 4690 886 4783 μέλας
918 4691 1095 4791 ὄμβρος
1122 4691 1329 4788 χαλάζης
1362 4691 1565 4782 αίμότιον
1601 4689 1826 4786 ἔτέγγετο.
1893 4691 1968 4764 Τάό
2004 4692 2044 4764 ἔκ

276 4790 368 4858 δυοῖν
399 4783 557 4883 ἔρρωγεν
588 4792 630 4864 ού
657 4795 756 4887 μόνιρ
787 4795 891 4882 κακοί,
928 4794 998 4866 ἀλλ’
1028 4792 1128 4886 ἀνδρί
1157 4793 1216 4864 καί
1245 4793 1375 4887 γυναικί
1405 4800 1553 4890 συμμιγῆ
1583 4795 1687 4881 κακοί,
1725 4793 1757 4864 in
1790 4792 1906 4889 quibus
1938 4795 2043 4892 ipsum

277 4887 545 4978 ύμοιοτὲλεοτον,
576 4921 595 4965 a
618 4896 692 4967 viris
719 4896 824 4969 doctis
851 4897 982 4967 multum
1009 4895 1086 4968 illud
1113 4895 1310 4986 lacessitum,
1342 4895 1539 4991 aliquantum
1566 4895 1664 4967 babet
1690 4896 1861 4993 ponderis3
1891 4896 1932 4969 cl.
1957 4900 2041 4969 777.

279 4991 335 5061 Pb.
360 4992 445 5080 878,
480 5015 543 5086 quo
576 4995 648 5069 loco
681 5023 793 5070 versus
825 4999 947 5096 pariter
971 4997 1121 5070 concludi
1154 4998 1263 5071 maluit
1293 5013 1400 5097 poeta,
1435 5021 1531 5092 quam
1562 4999 1720 5070 immutari
1754 4997 1923 5071 verborum
1955 4999 2043 5070 ordi·
