4674 5880
1085 336 1326 447 „AL
1478 311 1483 320 ’

344 583 424 654 (ho.
446 569 534 654 325:
562 577 727 670 πατέρων
753 598 790 645 τε
816 571 875 644 καὶ
901 571 1068 643 τεκόντων
1094 573 1186 665 χύος.
1215 573 1305 642 Eum.
1330 571 1441 643 1005:
1468 567 1552 651 τοὺς
1575 565 1703 661 ἔνερθε
1729 568 1787 639 καὶ
1808 570 1904 640 κάτω
1925 567 2058 663 χθονὸς
2079 570 2130 640 τύ

346 707 443 764 πους.
464 680 556 781 Sept.
577 681 665 752 213:
691 677 821 770 optim
847 673 906 744 zat
926 676 1140 769 χρηστήρια,
1168 699 1252 771 quae
1280 674 1306 745 si
1334 672 1507 744 contuleris
1531 696 1604 742 cum
1622 670 1817 769 Sophocleis
1836 671 1883 741 At.
1904 673 1992 742 220:
2013 668 2131 765 χειρο·

212 867 213 872 χ
344 787 466 855 θάϊκτα
492 783 610 877 σφάγι’
630 777 812 874 αἱμοβαφη
838 774 952 846 κείνου
973 777 1175 871 χρηστήρια
1202 774 1358 866 τάνθρύς,
1387 801 1483 872 quam
1511 773 1609 844 multo
1636 771 1813 869 elegantius
1840 771 2023 869 Sophocles
2049 772 2132 844 haec

344 885 591 974 consociaverit
618 879 710 952 laoile
736 877 909 974 intelliges3
936 877 977 947 cl.
1004 879 1199 948 Schneidew.
1220 876 1261 946 ad
1289 876 1320 947 h.
1346 877 1365 947 Ι.
1397 919 1441 929 -
1476 875 1593 972 Neque
1622 899 1697 945 vero
1726 874 1872 971 pepercit
1897 873 2131 971 Aristophanes

345 985 565 1085 Euripidi,
592 1007 688 1080 quem
714 1005 776 1051 suo
802 979 903 1076 ipsius
930 979 1023 1075 quasi
1050 978 1159 1076 gladio
1186 976 1317 1075 iugulat.
1360 977 1513 1048 Glorienti
1541 975 1623 1047 enim
1652 1002 1680 1045 v.
1703 977 1818 1046 1178:

749 1080 830 1151 κᾶν
857 1103 940 1150 που
967 1078 1036 1161 dl<
1061 1078 1175 1151 εἴπω
1202 1078 1389 1165 ταύτύν,
1424 1081 1447 1175 ἢ
1475 1076 1617 1176 στοιβὴν
1644 1074 1721 1173 top<

755 1181 902 1252 ἐνοῦσαν
929 1177 999 1260 ἔξω
1027 1185 1087 1251 τοῦ
1112 1182 1229 1273 λάχου,
1256 1182 1487 1267 κατάπτυσον,

346 1304 443 1386 σίτησιν
471 1286 614 1359 recitanti
642 1284 767 1382 prologi
796 1281 985 1353 versiculum
1011 1307 1093 1354 sane
1120 1282 1272 1354 ieiunum:

752 1383 796 1480 ἦν
826 1382 986 1465 ίλίύίπους
1009 1382 1047 1454 τὸ
1074 1389 1214 1476 πρῶτον
1241 1381 1416 1474 εὐδαίμων
1443 1383 1547 1479 ἀνήρ,
1610 1467 1618 1484 ,

348 1488 524 1584 Aeschylus
549 1488 728 1586 respondet
754 1487 858 1558 lucete
885 1485 1070 1557 cavillatus:

753 1587 808 1658 Ma
835 1585 893 1657 τὸν
918 1585 968 1657 :li
994 1586 1036 1658 ού
1063 1578 1148 1683 ebir,
1178 1586 1264 1657 ἀλλὰ
1291 1583 1518 1676 κακοδαίμων
1545 1587 1658 1680 φύσει,

751 1687 864 1758 ύντινά
891 1713 932 1782 χε
959 1687 1063 1780 πρλν
1089 1692 1226 1783 φῦναι
1248 1689 1316 1779 μὲν
1336 1685 1508 1760 Ἃπύλλων
1535 1683 1603 1784 ἔφη

751 1790 950 1860 ἀποκτενεῖν
976 1789 1034 1860 τὸν
1060 1789 1210 1880 πατέρα,
1239 1787 1315 1881 πρί
1326 1815 1342 1857 ν
1367 1788 1443 1860 καλ
1467 1789 1721 1882 γεγονέναι.

345 1898 510 1994 utsupra
538 1922 569 1993 p.
592 1898 629 1965 8.
657 1891 744 1963 ldern
771 1891 924 1963 docuisse
943 1917 1023 1964 eum
1050 1891 1094 1962 ait
1122 1917 1150 1961 v.
1175 1891 1290 1962 1069:

749 1992 909 2063 λαλιάν
936 1991 1161 2089 ἐπιτηδεῦσαι
1186 1991 1245 2063 καὶ
1270 1992 1542 2083 στωμυλίαν.

344 2097 498 2169 Nimirum
525 2095 694 2193 Euripides
731 2110 764 2166 ut
799 2095 963 2191 proiectus
994 2120 1013 2164 a
1045 2093 1213 2192 disciplina
1247 2094 1476 2190 sophistarum,
1510 2118 1582 2165 cum
1617 2094 1755 2192 eleganti
1789 2095 1919 2167 studeat
1950 2108 2131 2196 argutoque

343 2198 471 2270 dicendi
497 2197 621 2294 generi,
654 2210 688 2269 ut
718 2197 884 2285 „dicendo
916 2209 948 2266 et
979 2195 1211 2293 respondendo
1242 2195 1519 2288 cetthaeorum,
1551 2196 1604 2294 qui
1632 2197 1758 2267 luerunt
1784 2196 1814 2266 in
1842 2197 1912 2269 loro
1938 2199 2060 2295 diserti,
2091 2199 2132 2272 sit

343 2300 617 2396 comparandus,“
649 2298 832 2369 consectari
865 2323 924 2395 pro
950 2321 968 2368 e
993 2322 1055 2367 nou
1084 2297 1155 2367 sine
1175 2297 1268 2368 animi
1292 2296 1506 2368 delectatione
1532 2297 1657 2368 videtur
1680 2297 1909 2368 vocabulorum
1933 2300 2132 2372 coniunctio·

343 2427 428 2493 nem,
460 2426 546 2498 quae
571 2402 655 2472 inter
679 2425 717 2471 se
744 2398 873 2470 dillerro
904 2324 1035 2496 aliquid,
1066 2398 1213 2469 subtilem
1246 2398 1495 2470 existimatorem
1527 2399 1776 2497 haudquaquam
1808 2399 1896 2495 lugit.
1943 2400 1975 2471 ln
2008 2401 2132 2475 allecti-

344 2503 404 2573 bus
433 2527 521 2594 vero,
553 2515 588 2573 ut
613 2503 806 2588 Quintiliani
833 2499 939 2571 verbis
966 2511 1047 2592 utar,
1079 2523 1173 2591 „cum
1201 2499 1349 2572 omnibus
1375 2499 1484 2590 mirus,
1512 2513 1577 2570 tum
1604 2500 1634 2569 in
1662 2500 1711 2589 tis,
1737 2500 1791 2598 qui
1819 2501 2025 2574 miseratione
2051 2528 2131 2575 con-

342 2617 438 2695 stant,
465 2603 558 2675 lacile
585 2603 813 2701 praecipuus‚“
840 2601 956 2672 multus
982 2602 1067 2671 idem
1095 2615 1145 2671 est
1172 2614 1204 2671 et
1229 2600 1372 2672 insolens
1399 2601 1429 2670 in
1457 2600 1677 2673 iterationibus
1705 2601 1886 2694 verborum,
1918 2618 2131 2700 personarum

340 2703 465 2775 scilicet
484 2705 705 2776 vehementem
732 2703 1004 2800 perturbationem
1031 2701 1100 2774 istis
1128 2703 1283 2775 orationis
1310 2700 1478 2772 luminibus
1505 2701 1728 2774 illustraturus.
1768 2703 1912 2801 Denique
1939 2728 2013 2775 oum
2039 2708 2130 2778 cordi

342 2806 402 2902 ipsi
435 2806 477 2876 sit
510 2805 627 2877 llumen
660 2804 814 2875 orationis
845 2828 885 2876 ac
916 2802 1087 2903 singularis
1120 2803 1309 2896 volubilitas,
1348 2828 1452 2901 caque
1485 2827 1557 2874 cum
1590 2804 1776 2903 quotidiano
1810 2830 1914 2902 prope
1945 2831 2129 2904 congruens

341 2931 509 2980 sermone:
536 2905 684 3000 „incuria
710 2907 862 3003 quadarn,
894 2931 958 3003 qua
985 2905 1015 2975 in
1044 2905 1202 2977 communi
1230 2904 1382 3002 loquendi
1409 2904 1643 2975 consuetudine
1670 2904 1816 3003 plerique
1843 2931 1957 2978 omnes
1985 2908 2132 2981 ducimur

341 3008 469 3099 inscii‚“
500 3008 688 3080 exciderunt
720 3007 748 3077 ei
781 3031 1021 3106 nonnunquam,
1052 3030 1136 3104 quae
1169 3031 1188 3075 a
1220 3005 1374 3103 dignitate
1407 3030 1446 3077 ac
1478 3004 1669 3077 sublimitate
1703 3005 1891 3104 tragoediae
1924 3006 2127 3093 abhorreant.

341 3109 438 3194 Quod
465 3121 498 3180 ut
525 3108 680 3206 exemplis
706 3106 747 3179 ali
773 3121 827 3179 uot
854 3108 1083 3198 demonstrem,
1115 3104 1215 3183 affero
1242 3106 1338 3178 haec:
1370 3106 1435 3177 lon.
1460 3107 1572 3178 1446:
1604 3105 1663 3178 τίν’
1691 3106 1804 3181 αὐδάν
1838 3103 1950 3195 ἀύσω,
1983 3106 2130 3206 βοάσω

342 3210 398 3281 Οτ.
422 3210 512 3281 137:
543 3209 665 3306 ἡσύχῳ
690 3135 772 3280 πούλ
788 3211 951 3303 χωρεῖτε,
974 3207 1027 3303 μὴ
1051 3208 1208 3306 ψοφεῖτε,
1231 3208 1319 3303 μηθ’
1344 3204 1434 3277 ἔστω
1458 3208 1594 3289 κτύπος.
1624 3206 1666 3278 lb.
1688 3235 1717 3279 v.
1742 3209 1814 3279 140
1837 3235 1887 3307 sq.
1917 3210 1956 3279 cl.
1982 3211 2128 3283 Volchrn.

343 3311 385 3381 ad
409 3311 465 3383 Ph.
489 3312 597 3383 1371.
619 3352 664 3363 --
686 3309 730 3381 lb.
754 3310 843 3386 154:
869 3306 941 3379 τίνα
968 3308 1073 3403 τύχαν
1100 3305 1202 3395 εἴπω,
1233 3307 1304 3378 τίνα
1331 3307 1373 3378 δὲ
1399 3308 1598 3403 συμφοράνς
1628 3309 1743 3381 1302:
1770 3309 1950 3403 φονεύετε,
1983 3309 2130 3399 καίνετε,

343 3409 471 3482 ὄλλυτε.
502 3413 599 3483 Andr.
620 3411 709 3484 334:
736 3410 889 3507 τέθνηκα
916 3415 959 3506 τῇ
986 3415 1032 3507 σῇ
1057 3408 1206 3502 θυγατρί
1230 3408 1293 3480 καί
1309 3411 1350 3502 μ’
1377 3409 1551 3481 ἀπώλεσε.
1582 3410 1638 3480 l’h.
1662 3411 1777 3484 1335:
1804 3411 1864 3481 τίν’
1892 3408 1979 3482 εἴπω
2002 3415 2129 3502 μῦθον,

343 3511 366 3604 ἢ
385 3511 477 3595 τίνας
491 3513 630 3606 λάχους,
647 3512 737 3583 919:
754 3510 819 3582 ούκ
837 3507 970 3597 ἔκλυον,
989 3510 1053 3582 οὐκ
1071 3511 1217 3606 ἤκουσα.
1237 3510 1349 3587 1362;
1367 3512 1474 3581 δισσὼ
1493 3511 1679 3606 στρατηγὼ
1696 3510 1756 3581 καὶ
1772 3511 1880 3582 θιπλώ
1899 3512 2130 3634 στρατηλάτα.

345 3611 414 3681 llel.
434 3614 517 3684 531:
544 3605 633 3710 φησῖ
650 3614 684 3682 θ’
704 3611 741 3682 ἐν
763 3613 846 3707 φάει
871 3612 968 3682 πύσιν
991 3611 1048 3682 τὸν
1072 3609 1161 3702 άμὸν
1185 3613 1296 3692 ζῶντα
1319 3611 1452 3705 ςοέχχος
1473 3611 1624 3704 εἰσορᾶν.
1649 3613 1769 3684 Bacch.
1790 3612 1880 3684 617:
1908 3611 1982 3683 οὔτ’
2001 3615 2129 3708 εθιχεν,

344 3709 419 3781 οὔθ’
437 3712 549 3808 ἥψαθ’
567 3716 675 3810 ἡμῶν.
697 3716 845 3803 (intret.
862 3714 903 3785 ad
923 3714 970 3785 Αἰ.
988 3741 1020 3812 ρ.·
1039 3713 1149 3800 137).
1171 3714 1264 3811 llipp.
1282 3714 1370 3786 379:
1393 3713 1435 3786 τὰ
1455 3714 1583 3807 χρήστ’
1603 3711 1845 3803 ἐπιστάμεσθα
1868 3712 1927 3784 καλ
1947 3715 2131 3808 γιγνώσκο-

339 3834 416 3900 μεν.
441 3815 497 3903 (cl.
518 3815 619 3887 Plaut.
641 3815 703 3887 Mil.
724 3815 805 3912 glor.
826 3814 860 3906 ll,
884 3815 918 3906 5,
944 3817 1032 3902 47).
1061 3814 1128 3911 lph.
1146 3814 1182 3884 Τ.
1205 3816 1288 3886 491:
1315 3815 1379 3895 τὰς
1402 3815 1471 3907 χάρ
1499 3812 1630 3884 ἐνθάθε
1657 3812 1783 3895 θυσίας
1807 3812 2048 3906 ἐπιστάμεσθα
2074 3816 2134 3887 καί

344 3913 585 4004 γιγνώσκομεν.
614 3916 658 3987 lb.
680 3916 768 3987 231:
794 3913 833 3984 ὃν
859 3909 975 3987 ἔλιπον
1002 3913 1235 4005 ἐπιμαστίδιον
1262 3910 1311 3985 ἔτι
1335 3915 1484 4012 βρέφος,
1512 3911 1561 3986 ἔτι
1588 3913 1677 4002 νέον,
1705 3910 1756 3985 ἔτι
1781 3916 1900 3997 θάλος.
1929 3916 1994 3988 lun.
2018 3918 2131 3993 1463‘:

345 4012 495 4094 ἄπαιδες
525 4015 640 4087 οὐκέτ’
668 4016 773 4108 ἐσμὲν
807 4015 884 4086 οὐδ’
912 4014 1057 4089 ἄτεκνοι.
1089 4017 1166 4087 llec.
1191 4016 1342 4101 172;,ὦ
1377 4015 1506 4104 τέκνον,
1542 4017 1573 4086 ὦ
1610 4020 1678 4086 παῖ
1699 4073 1705 4087 .
1736 4072 1744 4088 .
1774 4011 1890 4096 ἔξελθ’
1918 4015 2040 4089 οἴκων·
2076 4016 2132 4089 ἄϊε

341 4114 500 4206 ματέρος
523 4115 646 4203 aiddu,
673 4118 704 4188 ὦ
732 4116 860 4202 τέκνον,
911 4143 972 4189 uae
1000 4117 1125 4189 deridet
1151 4117 1313 4215 Aristoph.
1339 4116 1421 4188 Nub.
1445 4118 1552 4188 1161.
1584 4160 1629 4169 -
1660 4119 1762 4189 Porro
1790 4119 1829 4188 ot.
1856 4119 1924 4190 Alc.
1950 4119 2068 4195 1133:
2099 4120 2135 4193 ὦ,

344 4216 509 4311 φιλτάτης
535 4216 697 4308 γυναικὸς
724 4217 818 4311 ύμμα
850 4145 909 4288 κάλ
939 4217 1060 4311 δέμας.
1088 4218 1129 4289 cl.
1158 4223 1198 4290 άι
1226 4222 1327 4290 ubet.
1359 4222 1384 4289 1.
1411 4245 1444 4313 p.
1474 4219 1530 4289 18.
1562 4220 1701 4291 ilorci.
1728 4219 1840 4290 1367:
1875 4221 1896 4290 ύ
1929 4220 2046 4317 φύσας
2071 4225 2130 4319 χω

347 4316 456 4387 τεκὼν
487 4318 581 4408 ὑμᾶς
607 4318 729 4414 πατὴρ
756 4319 930 4390 ἀπώλεσε.
961 4319 1183 4394 elediata:
1220 4319 1327 4416 εύνης
1356 4316 1451 4390 ἕκατι
1483 4318 1542 4389 καλ
1571 4319 1706 4414 λέχους.
1734 4320 1774 4392 cl.
1804 4324 1843 4392 do
1869 4325 1922 4393 nb.
1952 4325 1980 4392 1.
2004 4346 2041 4416 ρ.
2070 4324 2130 4403 74.

348 4416 446 4589 hippi
464 4419 571 4491 1071:
598 4416 631 4487 εἰ
650 4418 695 4514 dr}
720 4421 829 4501 κακύς
851 4443 890 4490 τε
911 4421 1076 4514 φαίνομαι
1100 4421 1195 4491 δοκῶ
1219 4420 1257 4491 τέ
1282 4444 1346 4492 σοι.
1367 4422 1407 4492 cl.
1427 4420 1512 4492 Xen.
1531 4419 1625 4492 Mem.
1645 4421 1679 4512 ll,
1702 4423 1733 4514 1,
1753 4424 1810 4493 22.
1831 4421 1879 4515 lll,
1901 4425 1932 4514 1,
1951 4425 1985 4493 cl.
2006 4427 2130 4496 Kuehs.

348 4543 366 4585 a
448 4543 510 4591 em.
530 4519 552 4609 λ,
577 4521 612 4603 4,
635 4519 668 4591 6.
701 4563 742 4576 -
1919 4560 1924 4566 ·
2133 4525 2136 4529 ’

446 4616 685 4718 Sophocles
714 4646 800 4714 vero,
828 4624 893 4720 qui,
920 4639 953 4694 ut
979 4624 1111 4722 saepius
1138 4625 1212 4720 dixi,
1239 4625 1390 4695 tumidam
1410 4625 1558 4721 Aeschyli
1587 4638 1619 4694 et
1642 4636 1871 4723 exaggeratam
1895 4626 1989 4698 altius
2013 4625 2151 4696 oratio-i

346 4745 419 4789 nem
445 4717 559 4818 insigni
587 4722 745 4819 gravitate
771 4725 962 4823 temperavit
988 4724 1137 4825 dulcique
1164 4727 1333 4815 suavitate,
1369 4726 1412 4797 ita
1444 4727 1527 4798 solet
1558 4725 1588 4797 in
1617 4725 1844 4799 vocabulorum
1878 4727 2133 4826 frequentatione
2167 4718 2171 4724 ’

348 4821 480 4912 versari,
513 4835 547 4891 ut
577 4836 690 4894 ornata
723 4826 825 4923 magis
858 4825 990 4897 llon'bus
1022 4854 1119 4926 quam
1151 4841 1285 4900 onerata
1317 4828 1420 4899 oratio
1452 4840 1618 4926 appareat.
1663 4827 1826 4900 Perfundit
1852 4830 1976 4900 animos
2002 4827 2045 4898 uti
2073 4853 2134 4927 par

348 4938 397 4992 est
423 4947 463 4992 ac
489 4921 638 5015 delectat,
670 4925 811 4998 concitat
837 4951 914 4998 vero
941 4927 1036 4999 etiam
1064 4953 1104 4999 oo
1131 4929 1307 5028 perfringit,
1339 4929 1366 4999 si
1393 4956 1532 5002 necesse
1558 4944 1618 5002 est.
1667 4933 1715 5001 llo
1742 4953 1814 5002 cum
1842 4928 2035 5005 admirabilis
2062 4930 2133 5001 eius

348 5049 401 5094 ars
429 5023 457 5093 in
486 5022 628 5094 muribus
656 5051 867 5123 personarum
895 5029 936 5099 sit
962 5031 1175 5108 conueniente
1201 5030 1354 5102 orationis
1381 5032 1491 5103 colore
1518 5032 1742 5129 depingendis,
1769 5032 1935 5116 moderate
1959 5045 2133 5102 coacervat
