4674 5880
1128 299 1351 414 wll.-.
1373 400 1429 409 -..

384 550 443 648 δή,
475 546 603 621 τέκνον.
659 544 781 618 Vereor
813 547 909 629 enim,
943 530 982 618 ue
1016 548 1089 618 vitio
1124 550 1204 621 hacc
1237 563 1344 619 uetere
1377 547 1541 619 laborent:
1575 544 1705 618 ctl'emlo
1737 562 1843 619 autem
1876 549 1997 646 aliquid
2031 550 2060 622 in
2095 576 2175 623 cirn-

384 652 503 725 iuubtis
530 648 749 733 substantivis,
776 670 861 744 quae
888 649 955 718 sive
982 649 1024 719 ad
1048 648 1260 721 Philoctetam
1288 649 1437 721 retuleris
1465 647 1532 718 sive
1556 647 1597 718 acl
1622 649 1777 719 rnorbum.
1802 651 1849 719 rix
1874 653 2045 725 commode
2065 654 2173 727 vitlen-

383 768 435 828 tur
461 749 644 825 consociari
671 774 782 846 posse.
828 748 907 819 Nam
936 774 1042 845 neque
1067 750 1264 823 Philoctetes
1293 764 1380 821 recte
1407 749 1494 823 dicit.
1522 774 1597 819 sese
1625 750 1764 820 videri
1789 750 1934 823 oblivisci
1960 753 2105 825 morbum
2129 782 2195 849 nc·

383 856 495 943 levari,
521 876 593 923 curn
619 865 675 922 aut
700 850 909 921 obliviscatur
935 866 990 920 aut
1017 876 1080 921 non
1108 851 1326 935 obliviscatur,
1355 877 1459 947 neque
1487 851 1608 920 morbi
1637 851 1717 920 satis
1745 850 1890 948 intelligo
1914 853 2172 930 oblivionem.

382 957 445 1030 uisi
474 976 550 1026 vero
576 976 647 1024 eam
672 951 775 1037 (lucia,
802 976 867 1048 qua
891 951 1057 1023 remittens
1086 952 1138 1023 ille
1166 979 1227 1025 nec
1254 977 1404 1050 pungens
1431 975 1471 1022 ac
1498 950 1667 1022 stimulans
1695 954 1894 1049 semetipse
1922 957 2016 1051 quasi
2043 958 2169 1029 obruat.

383 1058 487 1145 Quam
511 1053 807 1150 interpretationem
831 1053 890 1123 etsi
915 1079 978 1124 non
1003 1054 1106 1124 reluto
1131 1055 1269 1150 penitus,
1296 1054 1441 1150 argutior
1465 1066 1570 1123 tamen
1595 1053 1670 1122 mihi
1697 1053 1821 1122 videtur
1844 1079 1940 1149 quam
1968 1059 2169 1153 probabilior

381 1178 473 1233 esse:
492 1154 670 1254 simplicius
688 1168 777 1226 uerte
796 1153 984 1225 enucleatur
1003 1155 1050 1225 vis
1070 1158 1262 1239 sententiae,
1281 1157 1308 1226 si
1328 1155 1458 1251 quidem
1479 1152 1668 1223 vocobulum
1687 1155 1856 1225 consimile
1877 1157 1966 1227 vocis
1986 1157 2171 1230 ἀνάπαυλα

383 1268 548 1358 posueris,
575 1256 673 1352 idque
700 1256 864 1327 invenisse
891 1254 967 1327 mihi
995 1255 1126 1328 videor:
1153 1258 1306 1354 suspicor
1332 1257 1417 1328 enirn

838 1380 918 1453 pro:
951 1355 1141 1429 11191111(ὶ
1841 1370 1844 1375 ’

585 1456 792 1531 scribendum
818 1482 912 1530 esse:
945 1456 1138 1530 ,istoriole
1167 1460 1496 1554 11.ε·.λο1φησις.
1525 1460 1612 1555 quod
1641 1460 1757 1557 legitur
1783 1461 1869 1557 upml
1892 1460 1994 1534 Thac.
2022 1464 2072 1537 lV.
2100 1469 2166 1538 et:

381 1566 441 1636 τοῦ
468 1561 623 1652 πολέμου
649 1558 720 1627 ἀπὸ
747 1566 810 1654 τῆς
835 1559 1101 1654 Πελοποννήσου
1127 1562 1319 1656 λώφιγσιν.
1349 1562 1389 1632 cl.
1418 1563 1551 1649 Hesych.
1578 1561 1781 1656 λώφησις·
1819 1562 2066 1646 ἀνάπαυσις.
2124 1569 2170 1639 De

382 1662 481 1737 verbo
500 1662 691 1756 λωφῆσαι
713 1676 832 1745 autem,
855 1661 942 1757 quod
965 1663 1095 1753 Hesych.
1118 1663 1359 1759 intorpretatur:
1385 1664 1526 1743 παῦσαι,
1550 1662 1661 1756 λῆξαι,
1687 1661 1887 1732 ἀναπαῦσαι
1910 1661 1990 1753 tsic!
2013 1670 2169 1740 emenda:

382 1765 714 1849 ἀναπνεῦσαι),
746 1762 932 1856 ἡσυχάσαι,
969 1763 1010 1833 cl.
1040 1764 1087 1834 Αἰ.
1118 1765 1176 1835 01.
1208 1763 1287 1835 Plat.
1318 1761 1418 1859 legg.
1449 1760 1501 1832 lll.
1532 1788 1564 1858 p.
1594 1764 1678 1834 854.
1707 1766 1763 1834 C.:
1799 1763 2031 1860 ἐιλν·λωφᾷ
2062 1791 2092 1838 τι
2124 1769 2170 1839 τό

381 1866 568 1961 νόσημα.
589 1862 690 1933 l'lmc.
712 1862 761 1947 Vl,
783 1864 847 1935 12:
876 1862 998 1933 νεωστὶ
1021 1863 1091 1933 ἀπὸ
1116 1864 1250 1934 νόσον
1269 1865 1430 1958 μεγάλης
1449 1861 1509 1932 καὶ
1533 1862 1688 1953 πολέμου
1709 1864 1826 1960 βραχό
1852 1890 1879 1935 τι
1901 1865 2170 1963 λελωφήκα·

376 1987 469 2058 μεν.
500 1966 618 2036 hesch.
646 1963 753 2033 Prom.
780 1964 864 2035 378.
891 1966 975 2037 655.
1008 2008 1052 2017 -
1083 1966 1200 2036 Verum
1233 1966 1274 2036 ad
1309 1965 1485 2036 institutam
1519 1964 1769 2060 disputationem
1803 1982 2010 2038 revertamur.
2067 1972 2172 2070 hique

381 2090 454 2140 cum
484 2065 675 2164 βλέπειν
706 2064 824 2135 Graeci
856 2065 967 2137 dicere
998 2066 1127 2138 soleant
1158 2092 1218 2164 pro
1251 2067 1326 2162 ζῆν
1358 2066 1415 2156 tel.
1443 2069 1548 2135 Sciret.
1576 2065 1648 2134 Eur.
1675 2065 2067 2141 neeessariam
2095 2074 2169 2144 Eur.

382 2167 451 2240 hlc.
474 2169 556 2239 144.
583 2169 706 2260 Ρβνρλ.
727 2166 769 2236 οδ
793 2165 870 2236 llec.
893 2167 977 2238 311.
1005 2171 1155 2240 Wunder.
1180 2167 1222 2238 ad
1248 2169 1295 2237 Αἰ.
1315 2167 1400 2239 935.
1429 2170 1516 2236 Wen.
1542 2167 1584 2236 ad
1608 2168 1681 2237 Ant.
1705 2168 1809 2255 595.)
1837 2170 1977 2267 itemque
2003 2173 2172 2265 δεδορ·
2252 2244 2255 2248 a

382 2270 514 2350 κότες
538 2292 599 2366 pro
627 2267 817 2353 viventibus,
845 2282 879 2338 ut
906 2268 1025 2340 hesch.
1050 2268 1138 2340 Earn.
1161 2268 1250 2340 320:
1277 2267 1411 2338 ἀλαοῖσι
1437 2264 1496 2336 καὶ
1521 2267 1735 2357 δεδορκόσιν,
1765 2270 1846 2340 hacc
1873 2274 2063 2344 consociant
2091 2302 2171 2346 nou·

383 2394 559 2470 nunquam,
586 2383 620 2439 ut
642 2368 734 2440 llom.
755 2367 816 2440 0d.
837 2370 872 2458 4,
890 2370 980 2441 54οε
1003 2370 1134 2450 ζώειν
1160 2368 1232 2439 καὶ
1257 2370 1370 2460 όρᾶν
1396 2368 1514 2461 φάος
1538 2366 1677 2463 ἠελίοιο.
1704 2370 1736 2440 11.
1761 2374 1791 2455 1,
1814 2373 1879 2442 88:
1904 2373 2072 2455 ζῶντος
2096 2377 2172 2447 καὶ

383 2471 441 2545 ἐπὶ
461 2468 565 2567 χδονλ
590 2469 900 2562 δερκομένοιο.
926 2471 1044 2543 hesch.
1066 2472 1157 2544 Pers.
1179 2471 1268 2542 294ε
1296 2471 1345 2564 ζῇ
1373 2492 1411 2538 τε
1437 2467 1496 2538 καλ
1519 2468 1682 2564 βλέπει
1708 2473 1809 2564 φάος.
1835 2472 1909 2542 Eur.
1931 2473 2058 2547 lleracl.
2079 2478 2169 2550 969:

378 2574 429 2671 μὴ
457 2573 533 2669 ζῆν
556 2571 638 2668 μηδ
664 2571 775 2663 δρᾶν
800 2571 917 2665 φάος
941 2571 1031 2644 τόδε.
1061 2573 1107 2643 El.
1134 2572 1225 2644 349:
1257 2571 1348 2665 ἀνὴρ
1375 2566 1472 2638 ἔστι
1498 2568 1557 2640 καὶ
1582 2567 1767 2642 λεύσσει
1792 2575 1917 2666 φάος.
1947 2574 1987 2645 cl.
2014 2576 2083 2649 hle.
2109 2583 2169 2650 81:

381 2668 551 2754 ζῶσ“ἔτι
581 2674 700 2768 φάος
727 2670 921 2742 λεύσσει.
951 2673 1017 2745 lon.
1043 2674 1133 2746 853:
1166 2673 1249 2752 ζῶν
1282 2694 1320 2742 τε
1350 2670 1519 2766 φέγγος
1548 2669 1748 2763 εἰσορᾶν.
1779 2674 1846 2744 llel.
1872 2674 1957 2746 531.
1987 2678 2028 2749 cl.
2053 2682 2165 2752 Jacob.

381 2779 442 2862 Qu.
473 2773 550 2845 Luc.
579 2800 609 2869 p.
640 2772 698 2846 20.
729 2776 851 2845 Disacm
881 2774 923 2845 ad
956 2776 1045 2846 llem.
1076 2775 1116 2847 de
1151 2799 1218 2846 cor.
1248 2775 1366 2861 9.·72.
1396 2798 1427 2869 p.
1457 2772 1541 2844 239.
1572 2772 1703 2845 Lobeclr.
1733 2774 1774 2844 ad
1807 2776 1854 2844 hi.
1885 2800 1916 2872 p.
1945 2777 2027 2849 137.
2073 2782 2169 2853 Caret

380 2877 431 2949 his
466 2874 653 2973 Sophoclea
685 2873 800 2963 oratio,
836 2875 1005 2946 translatio
1038 2891 1144 2947 autem
1177 2876 1218 2945 ad
1251 2898 1319 2945 rem
1353 2896 1509 2970 perquam
1543 2876 1788 2945 accerumodeta
1821 2875 1938 2973 legitur
1970 2876 2023 2949 Tr.
2054 2882 2170 2953 1169:

375 2978 496 3073 χρόνῳ
525 2974 585 3070 rai
610 2976 740 3057 ζῶντι
770 2973 829 3045 καλ
860 2976 1051 3068 παρόντι
1084 2981 1152 3064 νῦν,
1185 2975 1227 3047 δε
1253 3000 1317 3072 qua
1345 2974 1385 3046 el.
1411 2978 1604 3046 Schneidew.
1630 2976 1671 3045 ad
1699 2977 1729 3046 h.
1756 2976 1790 3061 l.,
1817 2978 2045 3077 coniunxitque
2071 3000 2168 3078 poeta

380 3079 437 3151 Pb.
458 3079 543 3151 883:
569 3077 746 3148 ἀνώδυνον
766 3075 942 3173 βλέποντα
968 3076 1175 3168 adprobem
1194 3072 1256 3159 ἔτι,
1285 3101 1382 3174 quam
1402 3077 1575 3147 verborum
1601 3077 1729 3173 copiam
1754 3076 1875 3148 laetitia
1899 3078 2033 3153 ellundit
2055 3084 2169 3157 animi:

381 3204 442 3252 nec
468 3180 552 3250 idem
573 3177 679 3250 valent
706 3178 770 3249 duo
798 3178 879 3248 haec
898 3179 1006 3265 verba,
1032 3202 1228 3277 quamquam
1249 3177 1296 3247 hi.
1319 3176 1407 3247 416:
1434 3176 1595 3266 ἀμπνοὰς
1620 3173 1711 3270 ἔχειν
1739 3178 1815 3249 nihil
1841 3194 1937 3252 sonat
1964 3183 2024 3252 nisi
2051 3188 2169 3259 ninere:

381 3283 420 3353 cl.
444 3284 558 3352 Wund.
579 3280 622 3351 ad
642 3279 699 3373 Ph.
720 3279 741 3349 l.
763 3278 782 3348 l.
817 3279 952 3351 Accedit
969 3280 1069 3378 quorl,
1087 3279 1142 3377 qui
1161 3280 1236 3376 ipse
1254 3305 1283 3348 v.
1303 3277 1388 3349 867.
1408 3276 1577 3371 φέγγος
1597 3293 1630 3349 et
1648 3277 1795 3348 ἐλπίδων
1813 3278 1956 3351 ἄπιστον
1973 3280 2168 3379 οὶκοόρημα

381 3378 488 3462 ξένων
516 3394 684 3453 recreatus
710 3376 896 3478 appellavit,
929 3381 1067 3453 eundem
1094 3379 1326 3477 Neoptolemus
1355 3375 1521 3463 ,εἰσιδὼν
1548 3379 1628 3469 παρ’
1656 3378 1777 3449 ἐλπίδα
1786 3385 1807 3421 “
1831 3380 2060 3477 βλέποντα
2087 3409 2169 3455 con-

380 3485 546 3555 venienter
570 3496 675 3554 vocat.
697 3524 741 3534 —
764 3481 909 3578 Denique
935 3506 1006 3553 eum
1035 3483 1148 3553 mirum
1175 3495 1329 3578 quantum
1358 3480 1387 3548 in
1417 3480 1515 3552 Aiace
1543 3480 1744 3577 potissimum
1772 3496 1804 3552 et
1831 3483 2008 3553 Philocteta
2036 3480 2167 3558 Homeri

382 3596 478 3679 poete
505 3583 685 3656 delectetur
710 3582 896 3668 imitatione,
919 3583 998 3655 hinc
1024 3597 1187 3677 mutuatus
1215 3596 1266 3653 est
1293 3581 1340 3651 hi.
1368 3582 1457 3655 710:
1486 3585 1600 3650 δυᾶν
1626 3582 1845 3653 ὠκυάλων
1872 3588 1971 3669 νεῶν,
1999 3584 2040 3654 cl.
2061 3589 2164 3659 δοιά.

381 3683 490 3755 Gloss.
519 3690 550 3772 3.
580 3687 660 3756 180.
686 3686 820 3755 Lobeclr.
846 3683 888 3754 ad
918 3684 966 3756 hi.
992 3706 1023 3782 p.
1050 3685 1148 3772 328,
1176 3699 1209 3755 et
1235 3683 1282 3752 Αἰ.
1309 3681 1401 3755 249ι
1435 3682 1542 3752 όοόν
1569 3680 1723 3772 specta<
1747 3683 1846 3774 ζυγόν
1873 3683 2034 3773 ἑζόμενον
2062 3712 2167 3759 πυν-

381 3785 564 3878 τοπόρῳ
592 3784 650 3855 ναῒ
667 3786 837 3876 μεθεῖναι.
864 3786 904 3857 cl.
931 3785 1005 3856 Eur.
1031 3785 1109 3857 llee.
1136 3785 1220 3856 446.
1252 3826 1296 3835 -

340 3882 349 3891 ’
482 3884 610 3958 Tertius
642 3886 731 3958 locus
762 3887 793 3957 in
825 3888 1069 3959 enumeratione
1100 3910 1211 3959 eorum
1241 3886 1422 3956 versabitur
1453 3883 1606 3969 locorum,
1639 3884 1691 3955 ubi
1720 3886 1871 3958 vocabula
1903 3886 1946 3957 ita
1977 3907 2165 3962 coacervata

381 4004 466 4078 aunt,
506 4001 539 4058 ut
566 3988 748 4061 alterum
775 3987 919 4060 altero
947 3988 1191 4059 deliniatur
1218 4000 1258 4058 et
1284 3985 1597 4082 amplilicetur.
1647 3987 1694 4059 Aa
1721 3989 1857 4084 primum
1884 3988 2014 4086 quidem
2042 3992 2072 4061 in
2101 3993 2163 4060 hoc

404 4112 503 4162 encre
531 4089 699 4160 releremla
726 4114 766 4159 ea
793 4102 879 4177 sunt,
905 4114 990 4186 quae
1017 4089 1161 4186 proxime
1188 4088 1307 4158 absunt
1333 4111 1352 4158 a
1380 4086 1481 4184 ligura
1509 4110 1605 4183 quam
1633 4088 1743 4160 dicunt
1770 4085 1813 4157 ἓν
1839 4088 1907 4169 διδ
1934 4092 2065 4172 δυοῖν,
2102 4114 2164 4183 qua

378 4115 484 4286 hgura
517 4188 604 4259 multi
638 4214 809 4286 perperam
842 4189 935 4260 abusi
968 4202 1053 4259 sunt.
1090 4189 1336 4285 Coniunguntur
1366 4189 1449 4258 euim
1483 4187 1548 4257 duo
1575 4188 1729 4260 vocabula
1764 4189 1805 4258 ita
1839 4193 1981 4287 saepius,
2013 4203 2047 4258 ut
2077 4194 2165 4286 qoovl

380 4290 514 4379 accedit,
547 4314 610 4359 non
640 4292 681 4360 ita
709 4290 864 4387 ponderis
891 4315 992 4363 causa
1019 4290 1200 4377 adiicietur,
1234 4290 1293 4360 sed
1321 4304 1355 4358 ut
1382 4289 1472 4385 prius
1499 4313 1540 4359 eo
1565 4289 1745 4387 explicetur
1772 4305 1804 4361 et
1831 4293 1922 4388 quasi
1950 4288 2167 4382 compleatur:

380 4405 415 4462 ut
440 4389 489 4460 ci.
509 4392 598 4463 145:
628 4389 740 4487 βοτά
774 4389 849 4461 καὶ
873 4390 1014 4478 λείαν,
1054 4415 1137 4486 quae
1169 4414 1232 4460 nou
1266 4387 1451 4482 significare
1482 4389 1547 4461 duo
1579 4389 1707 4463 diversa
1739 4394 1900 4489 pecudum
1927 4410 2048 4486 genua
2076 4408 2165 4465 recte

378 4492 551 4563 [mischius
589 4490 675 4561 uicit.
722 4491 810 4563 lrlem
847 4492 935 4563 cadit
964 4492 996 4560 in
1032 4492 1080 4562 hi.
1113 4490 1230 4562 1061:
1270 4490 1361 4582 πρός
1391 4489 1515 4584 μῆλα
1551 4490 1611 4561 καὶ
1648 4490 1856 4581 ποίμνας.
1912 4491 2014 4560 Acuta
2055 4507 2163 4565 autem

379 4597 508 4665 Jacobs.
538 4608 656 4689 poetae
683 4590 853 4662 consilium
881 4593 1059 4689 perspexit,
1077 4614 1142 4686 quo
1165 4592 1261 4686 μῆλα
1289 4590 1491 4684 potissimum
1519 4591 1736 4687 appellantem
1764 4593 1878 4663 lecerit
1896 4586 2087 4665 hlenelaum.
2115 4638 2160 4647 —

382 4696 484 4768 Porro
512 4720 540 4764 v.
569 4688 650 4764 011.
677 4691 769 4762 47οι
795 4690 904 4782 πυρὶ
928 4689 987 4761 καλ
1011 4693 1273 4782 στεροπαῖς.
1315 4689 1369 4761 Tr.
1390 4688 1483 4761 99οι
1514 4692 1683 4763 σκεδάσαι
1708 4691 1779 4762 ἀπὸ
1806 4685 1977 4780 κρατός
1996 4690 2165 4788 βλεφά-

376 4814 471 4885 ρων
502 4794 539 4864 δ’
569 4790 684 4862 ὕπνον.
721 4794 761 4863 cl.
791 4795 914 4886 Ρβνφλι.
949 4791 991 4862 ad
1025 4794 1098 4863 Eur.
1128 4792 1223 4863 llere.
1253 4792 1272 4863 1.
1301 4790 1383 4862 119.
1420 4833 1464 4841 -
1501 4793 1548 4862 Ai.
1576 4796 1667 4864 sta:
1700 4793 1807 4884 τάχος
1834 4792 1904 4882 γάρ
1935 4787 2075 4885 ἔργον
2107 4796 2165 4866 καλ

379 4898 532 4967 ποδῶν
558 4893 619 4985 ἅμ’
649 4891 784 4990 ἕψεται.
814 4893 855 4964 cl.
883 4890 962 4964 0.c.
986 4892 1099 4963 1297:
1126 4891 1178 4972 εός
1202 4888 1344 4987 ἔλεγχον
1364 4895 1531 4986 χειρός
1554 4893 1632 4964 οὐδ’
1662 4890 1811 4984 ἔργον.
1849 4890 1895 4962 El.
1917 4893 2001 4966 089.
2044 4894 2183 4967 Simili·'

382 5012 430 5068 ter
457 4996 573 5067 verba
599 5009 794 5091 usinpaotur
813 4994 884 5064 hut.
906 4993 948 5064 9:
975 4987 1088 5086 ἔχεις
1108 5016 1137 5063 τι
1159 4992 1444 5088 κείσήκουσας
1460 4994 1490 5065 1.
1512 5021 1540 5067 e.
1563 4990 1773 5070 εἰσακούσας
1788 4987 1884 5086 ἔχεις
1907 4994 1962 5085 [el.
1983 4995 2060 5068 0.C.
2078 4998 2161 5068 290.
