4674 5880
1245 347 1265 418 l

1105 448 1404 458 *μή

370 584 578 671 interciderit„
613 609 677 654 non
705 584 818 677 liquet3
853 583 905 655 alii
932 583 1025 655 aliter
1050 584 1181 682 explere
1209 585 1355 658 lacunam
1387 585 1588 657 studuerunt.
1641 586 1831 685 Expromam
1866 607 1955 660 mea:
1985 582 2139 687 suspicor

188 755 192 765 ,
289 777 292 783 ¹
370 685 565 774 enimcum
592 685 722 758 verbum
750 685 963 773 desideretur,
987 686 1071 757 unde
1098 685 1316 778 όν(στρατόν)
1344 687 1493 786 pendeat
1515 686 1678 760 literarum
1701 690 1839 784 quadam
1862 689 2065 762 similitudine
2089 690 2138 760 la·

370 802 456 859 ctum
482 787 656 881 antiquitus
679 813 766 875 esse.
793 802 826 859 ut
850 788 1052 886 participium
1076 786 1201 879 ἀρθείς
1220 815 1280 862 suo
1304 790 1395 884 quasi
1420 790 1492 862 loco
1516 805 1658 863 moveret
1679 791 1832 862 aoristum
1857 792 2021 883 ὦρσεν,
2049 791 2135 886 quod

371 889 454 961 idem
478 892 657 961 Martinam
679 914 808 984 quoque
833 890 994 961 invenisse
1019 890 1123 979 videa,
1141 904 1237 986 atque
1263 906 1296 963 ut
1319 892 1400 964 inter
1422 892 1554 972 κλάζων
1577 906 1609 964 et
1632 891 1747 973 αἰετός
1765 893 1988 966 intercideret:
2014 891 2133 966 taPll.

359 988 586 1097 ‘Scribendum
614 990 726 1089 igitur:

949 1089 987 1165 δν
1014 1092 1075 1188 ἐφ’
1104 1094 1259 1190 ἁμετέρᾳ
1285 1101 1331 1190 γᾷ
1357 1094 1564 1193 Πολυνείκης

952 1197 1100 1287 ὦρσεν
1126 1195 1266 1266 νεικέων
1292 1196 1335 1279 ἐξ
1362 1196 1558 1292 ἀμφιλόγων

951 1297 1129 1390 ἀρθείς,
1156 1296 1241 1378 όξὲα
1267 1300 1400 1380 κλάζων
1422 1299 1458 1368 δ’
1480 1294 1580 1396 Ἀρη

953 1397 1069 1480 αἰετὸς
1092 1398 1144 1481 εἷς
1165 1406 1230 1492 γᾶν
1255 1399 1308 1483 ὣς
1331 1401 1519 1493 ὑπερέπτα.

290 1584 293 1591 .
370 1502 464 1590 Quod
488 1499 579 1599 Ἀρη
611 1503 726 1591 adieci,
758 1503 914 1600 producta
948 1501 1094 1573 nimirum
1126 1501 1250 1599 syllaba
1281 1504 1388 1601 priore
1420 1505 1477 1594 (ol.
1505 1503 1641 1575 Ellendt.
1667 1502 1700 1574 l..
1727 1504 1762 1578 S.
1788 1504 1809 1575 l.
1839 1530 1870 1601 p.
1897 1505 2010 1594 225.)‚
2042 1503 2137 1575 dubi-

371 1617 474 1676 tanter
504 1605 577 1696 leci,
612 1629 673 1676 neo
705 1618 810 1677 tamen
843 1604 952 1702 inepte
982 1604 1115 1701 opinor:
1147 1606 1188 1676 cl.
1215 1604 1331 1677 descb.
1357 1605 1417 1704 Ag.
1437 1607 1503 1677 47:
1532 1605 1645 1698 μέγαν
1676 1605 1717 1678 ἐκ
1748 1609 1860 1697 θυμοῦ
1891 1605 2139 1688 κλάζοντες

363 1703 469 1802 'App
497 1707 625 1798 τρόπον
651 1704 825 1799 αἰγυπιῶν.
856 1749 900 1759 -
931 1707 979 1779 Uti
1007 1706 1059 1778 bic
1084 1701 1190 1778 autem
1218 1706 1388 1804 ἀμμιλογα
1415 1706 1520 1804 νείκη,
1547 1709 1596 1781 sic
1620 1709 1694 1781 Eur.
1723 1710 1781 1781 Ph.
1809 1709 1901 1780 500:
1933 1707 2140 1803 ἀμφίλεκτος

370 1804 452 1903 ἔρις.
484 1851 528 1860 -
557 1808 752 1881 Pleonasmo
778 1808 932 1880 similiora
958 1823 1033 1880 sunt
1057 1806 1239 1905 Aeschylea
1265 1809 1336 1882 illa:
1358 1808 1535 1902 μακρόν
1556 1816 1673 1906 μῆκος
1695 1812 1819 1901 (Proin.
1837 1811 1974 1900 1024),
2001 1811 2137 1880 πελα-

369 1909 466 2004 γίαν
501 1909 568 1980 dle
600 1912 708 2001 [Pers.
737 1913 821 1983 422.
855 1912 970 2000 462),
1004 1910 1045 1982 ci.
1081 1909 1115 1983 S.
1151 1910 1224 1982 Ant.
1252 1912 1336 1983 966.
1378 1913 1451 1983 Eur.
1484 1911 1560 1983 Tro.
1588 1915 1661 2001 88..
1695 1928 1727 1985 et
1757 1909 1956 2008 νηνέμου
1985 1912 2138 2004 γαλάνας

370 2012 446 2111 (dg.
467 2014 589 2101 mm
614 2014 690 2085 item
718 2013 876 2084 redundat
902 2013 988 2108 quod
1009 2015 1085 2084 Eur.
1106 2013 1204 2084 babet
1229 2013 1295 2110 lpb.
1316 2014 1353 2085 Α.
1377 2016 1490 2085 1287:
1512 2013 1627 2105 μόρος
1651 2013 1884 2095 όανατόεις.
1925 2014 1971 2084 Cf.
1991 2016 2069 2085 too.
2094 2015 2134 2084 ad

370 2113 418 2185 Αἰ.
445 2141 477 2212 p.
501 2115 570 2186 133
590 2139 639 2208 sq.
674 2114 792 2211 Pbryn.
813 2141 845 2212 p.
866 2115 950 2187 754.
984 2112 1089 2187 Paral.
1110 2141 1142 2212 p.
1162 2115 1246 2187 535.
1277 2159 1321 2167 —
1351 2116 1475 2203 Quibus
1501 2116 1587 2187 addo
1615 2117 1814 2187 notissimum
1841 2115 1995 2187 ubertatis
2020 2140 2135 2213 genus,

370 2216 456 2311 quod
478 2219 589 2288 Manli.
618 2217 659 2288 ad
682 2217 756 2288 Eur.
777 2216 872 2314 llipp.
893 2218 976 2288 624.
1006 2231 1037 2288 et
1059 2218 1190 2288 Lobecle.
1219 2217 1260 2289 ad
1283 2217 1332 2288 ni.
1356 2218 1461 2289 1296.
1491 2219 1681 2316 tetigerunt:
1706 2219 1727 2290 ό
1753 2219 1958 2312 γεννήσας
1980 2218 2134 2312 πατήρ,

370 2320 393 2414 ή
420 2322 617 2390 τεκοῦσα
640 2320 800 2414 μήτηρ.
842 2321 920 2390 Cum
947 2319 1104 2416 gravitate
1129 2320 1278 2417 usurpari
1304 2344 1365 2392 eae
1390 2318 1495 2391 solent
1522 2319 1711 2400 locutiones,
1738 2333 1772 2391 ut
1798 2342 1880 2413 quae
1906 2321 1989 2391 inter
2014 2318 2135 2390 liberos

370 2432 587 2518 parentesque
613 2421 792 2493 intercedat
818 2421 979 2507 condicio,
1011 2445 1158 2515 quaeque
1184 2447 1242 2493 eos
1269 2435 1398 2493 teneant
1424 2422 1585 2493 artissima
1612 2422 1718 2510 officii,
1749 2421 1879 2509 amoris,
1911 2421 2040 2520 pietatis
2067 2421 2136 2491 vin·

370 2522 441 2593 cula
464 2523 687 2620 significentur
710 2548 885 2617 eorumque
908 2523 1103 2621 cogitatione
1127 2523 1221 2596 animi
1245 2523 1439 2596 audientium
1464 2525 1626 2596 feriantur.
1667 2524 1761 2611 Quod
1785 2523 1914 2618 quidem
1937 2537 1971 2595 ut
1988 2521 2136 2622 exemplo

369 2625 411 2695 ad
438 2650 505 2696 rem
531 2650 687 2722 perquam
713 2624 957 2699 accommodato
984 2625 1212 2709 demonstrem.
1238 2626 1339 2696 allero
1359 2626 1447 2696 Oem.
1476 2626 1506 2697 in
1525 2624 1601 2698 blid.
1629 2630 1659 2713 S.
1681 2628 1739 2697 41.
1769 2645 1820 2698 c.:
1845 2627 1868 2720 ή
1891 2623 1958 2716 μὲν
1983 2624 2052 2717 γὰρ
2079 2627 2140 2706 ὡς

370 2725 556 2822 άληόῖυς
575 2728 725 2824 μήτηρ
751 2729 774 2824 ή
802 2731 996 2798 τεκοῦσα
1022 2725 1126 2813 αὐτόν
1149 2728 1301 2798 πλεῖστον
1324 2727 1487 2797 ἁπάντων
1509 2727 1708 2818 ἀνθρώπων
1734 2723 1806 2822 εἶχε
1832 2729 1922 2814 νοῦν,
1949 2728 1972 2822 ή
1999 2725 2042 2797 δὲ
2066 2727 2135 2796 do·

369 2832 510 2898 κοῦσα
544 2826 602 2899 καὶ
635 2827 959 2926 ὑποβαλομένη
994 2834 1116 2899 πασῶν
1146 2828 1190 2925 ἦν
1223 2828 1436 2925 ἀνοητοτάτη
1463 2835 1641 2923 γυναικῶν.
1687 2829 1812 2917 Quibus
1838 2828 1960 2901 addere
1986 2828 2071 2899 iuvat
2095 2824 2130 2898 S.

369 2928 484 3002 Traob.
516 2931 612 3002 1268
639 2949 709 3025 sq:
744 2927 778 3001 οἳ
809 2930 1038 3025 μύσαντες
1070 2929 1128 3000 καὶ
1160 2931 1431 3026 κληζόμενοι
1461 2930 1615 3023 πατέρες
1642 2932 1710 3003 κτλ.
1757 2931 1824 3003 Nec
1856 2931 1939 3002 iusta
1970 2929 2059 3002 verbi
2086 2929 2132 2999 vis

369 3032 573 3105 desideratur
599 3032 716 3104 Aesch.
745 3033 833 3103 Eum.
854 3035 945 3104 728:
966 3033 1086 3128 μήτηρ
1112 3031 1180 3125 γάρ
1207 3031 1299 3113 οὔτις
1322 3030 1411 3103 ἐστίν
1436 3032 1521 3128 ήμ’
1548 3031 1713 3126 ἐγείνατο.
1754 3033 1858 3127 Atque
1880 3056 1975 3127 quem
1998 3031 2039 3103 ad
2064 3055 2134 3101 mo·

369 3135 457 3224 dum,
495 3158 578 3228 quae
610 3136 732 3231 patriae
764 3134 951 3222 debeantur,
984 3133 1141 3207 Tiresiam
1174 3133 1320 3232 Oedipus
1352 3136 1493 3231 graviter
1523 3148 1632 3207 monet
1666 3135 1746 3208 Oll.
1775 3134 1866 3207 323:
1905 3133 1979 3206 οὔτ’
2013 3127 2130 3224 ἔννομ’

369 3233 480 3325 εἶπας,
513 3232 593 3307 οὔτε
624 3237 795 3332 προσφιλῆ
826 3236 922 3306 πόλει
949 3236 1052 3331 τῇδ’,
1084 3236 1108 3332 ἦ
1135 3232 1439 3332 Mamaeae
1473 3237 1865 3329 (transmearem
1900 3236 1948 3308 sic
1972 3233 2133 3331 Antigona

369 3350 505 3435 patrem,
537 3365 577 3410 ne
609 3339 739 3435 pietatis
770 3338 936 3410 immemor
967 3341 996 3408 in
1025 3335 1126 3409 filium
1157 3349 1283 3437 peccet,
1317 3338 1368 3410 bis
1400 3354 1508 3412 monet
1539 3339 1645 3411 verbis
1676 3338 1876 3438 gravissimis
1909 3336 1987 3410 Oc
2017 3335 2134 3407 1189:

289 3491 291 3496 -
370 3435 544 3534 ἔφυσας
567 3439 681 3511 αὐτόν.
726 3440 837 3535 Neque
866 3440 1029 3537 propriam
1058 3440 1152 3511 buius
1180 3440 1335 3513 ubertatis
1361 3441 1547 3538 gravitatem
1574 3438 1758 3541 Sophocles
1785 3440 1844 3512 nisi
1874 3465 1951 3511 uno
1978 3437 2135 3522 locous·

369 3565 465 3636 quam
488 3541 637 3639 neglexit.
679 3543 724 3614 Oe
743 3541 792 3613 Fr.
810 3542 906 3616 795:
928 3540 1186 3639 ’λλμεσσιβοιαν
1208 3542 1251 3639 ἣν
1273 3543 1293 3613 ό
1315 3544 1542 3638 γεννήσας
1563 3545 1728 3640 πατήρ,
1752 3543 1835 3617 enim
1859 3557 1891 3613 et
1913 3540 1953 3612 de
1970 3540 2020 3610 Fr.
2041 3540 2136 3612 715:

370 3644 550 3740 προσῆλθε
576 3642 682 3739 μητρί
711 3642 769 3713 καὶ
798 3642 1031 3738 φυταλμίῳ
1064 3642 1214 3736 πατρί,
1247 3669 1318 3724 cum
1345 3644 1475 3716 mutilae
1501 3645 1566 3716 sint
1591 3646 1781 3733 sententiae,
1811 3640 1976 3715 diiudicari
2011 3642 2133 3735 nequit.

370 3743 463 3817 Solet
478 3759 584 3817 autem
608 3745 670 3816 boo
694 3745 849 3818 ubertatis
871 3771 975 3844 genus
998 3771 1038 3817 eo
1061 3746 1264 3844 potissimum
1288 3747 1460 3843 pertinere,
1478 3761 1511 3818 ut
1533 3771 1616 3841 quae
1639 3759 1752 3819 eontra
1773 3745 1956 3844 opinionem
1979 3769 1999 3815 a
2024 3742 2132 3817 liberis

371 3846 622 3944 parentibusque
640 3847 780 3919 lacinore
800 3849 1047 3937 committantur,
1065 3848 1183 3920 clarius
1201 3874 1240 3921 ea
1259 3849 1427 3920 emineant.
1468 3847 1577 3943 ltaque
1600 3848 1779 3921 locutiones
1801 3846 1875 3918 illae
1897 3869 2132 3944 saepenumero

371 3949 414 4020 ita
440 3948 641 4039 adhibentur,
674 3963 707 4020 ut
733 3949 895 4047 parricidii
920 3952 1073 4021 atrocitas
1101 3949 1269 4022 verborum
1297 3950 1450 4048 gravitate
1476 3963 1643 4049 augeatur,
1669 3964 1704 4021 ut
1728 3949 1806 4022 Oli.
1826 3947 1919 4036 7933
1949 3940 2128 4044 ρυνεόςά
2151 4022 2152 4026 ¹

456 4117 479 4179 ⁴)
503 4115 676 4168 Ollenderont
693 4119 718 4170 in
738 4117 788 4169 boc
806 4117 864 4170 loco
882 4124 906 4168 et
921 4114 1085 4170 Schneidew.
1105 4125 1130 4170 et
1141 4114 1256 4176 Nauck..
1275 4119 1319 4186 qui
1339 4114 1498 4186 ἔμφρονα
1516 4136 1564 4185 pro
1583 4114 1684 4180 ἔννομα
1701 4115 1871 4170 scribendum
1892 4133 1952 4170 esse
1968 4113 2131 4188 suspicatur}

372 4186 459 4252 inepte
478 4186 546 4236 enim
566 4185 696 4252 Oedipum
717 4186 749 4236 de
768 4186 854 4238 edicto
872 4202 921 4237 suo
941 4186 1035 4237 violato
1054 4185 1152 4244 dicere,
1177 4203 1254 4252 quem
1274 4203 1325 4238 non
1345 4194 1395 4239 tam
1414 4188 1454 4239 sui
1474 4189 1615 4254 cupiditate
1634 4192 1754 4254 oporteat
1772 4201 1850 4254 quarn
1870 4186 1977 4238 utilitate
1999 4193 2131 4233 commun!

371 4252 484 4320 impellit
500 4268 586 4321 neque
605 4269 751 4316 congruere
770 4256 914 4306 orationem
934 4255 1004 4320 regis
1022 4255 1054 4305 iis
1073 4271 1139 4323 quae
1159 4255 1253 4306 dixerit
1270 4255 1392 4306 Tiresias.
1422 4256 1450 4306 lt
1468 4255 1588 4307 subtilius
1607 4256 1728 4307 videntur
1745 4268 1822 4323 quam
1842 4255 1938 4305 rectius
1955 4251 1987 4301 de
2005 4247 2054 4299 hae
2071 4262 2132 4298 een·

371 4323 450 4372 tentia
469 4321 627 4388 disputasse.
663 4320 715 4374 Etsi
734 4323 803 4374 enim
822 4321 855 4373 ab
873 4323 944 4373 omni
962 4323 1003 4374 sui
1022 4323 1105 4390 ipsius
1124 4323 1266 4390 cupiditate
1285 4322 1405 4392 Oedipus
1422 4323 1523 4375 alienus
1541 4340 1592 4376 non
1612 4329 1659 4380 est,
1684 4323 1719 4374 uti
1742 4328 1854 4390 apparet
1876 4336 1906 4371 ex
1929 4333 1951 4369 r.
1970 4315 2032 4367 138:
2056 4313 2134 4372 ὅστις

369 4385 423 4456 γὰρ
442 4386 473 4455 ήν
494 4387 594 4438 ἐκεῖνον
614 4387 629 4437 ὁ
647 4386 760 4449 κτανών,
783 4384 844 4459 τάχ’
866 4386 899 4438 όν
917 4382 980 4450 κάμ’
1002 4385 1034 4439 ἂν
1053 4388 1163 4459 τοιαύτη
1181 4389 1255 4459 χειρὶ
1274 4392 1400 4457 τιμωρεῖν
1424 4387 1510 4447 θέλοι,
1533 4392 1583 4444 boe
1607 4398 1693 4443 umen
1719 4390 1778 4442 luco
1803 4390 1850 4442 iste
1874 4384 2001 4455 cupiditas
2024 4383 2132 4435 minime

371 4458 495 4508 cernitur.
532 4452 584 4505 ίλύκ
602 4452 717 4518 ἔννομον
737 4460 805 4510 enim
825 4474 883 4511 cum
903 4457 972 4509 dicet
990 4456 1105 4511 Tiresiae
1124 4444 1277 4519 elationem,
1296 4475 1348 4511 non
1367 4460 1401 4512 de
1419 4476 1467 4512 sua
1486 4460 1580 4528 cupide
1599 4459 1696 4526 cogitat
1715 4459 1831 4516 utilitate.
1850 4454 1897 4531 sep
1917 4452 1949 4506 de
1967 4450 2051 4505 salute
2071 4452 2133 4504 eivi-

371 4527 440 4583 tatis.
464 4525 496 4576 ad
516 4540 593 4592 quam
612 4527 699 4577 omnia
718 4542 765 4577 sua
784 4524 893 4579 consilia
912 4526 999 4583 relert,
1023 4543 1153 4595 quartique
1177 4528 1255 4579 sentit
1279 4544 1338 4579 cum
1362 4545 1409 4580 sua
1432 4527 1516 4580 salute
1541 4543 1600 4580 esse
1625 4529 1805 4586 coniunctam
1826 4523 1858 4576 cl.
1880 4536 1904 4574 v.
1922 4519 2044 4573 Obulil.
2068 4520 2134 4572 3¹¹2:

368 4593 453 4662 ῥῦσαι
472 4591 586 4642 σεαυτὸν
605 4592 657 4643 καὶ
676 4590 791 4651 πόλιν,
808 4593 892 4663 ῥῦσαι
910 4588 936 4643 δ’
958 4591 1023 4655 ἐμέ·
1042 4611 1064 4646 v.
1083 4595 1151 4654 ³31..
1170 4597 1298 4664 imprimis
1318 4613 1340 4646 v.
1358 4597 1421 4647 340:
1439 4592 1535 4653 πλόων,
1555 4593 1573 4644 ἃ
1593 4596 1639 4644 νῦν
1658 4592 1691 4644 σὺ
1710 4586 2008 4663 τήνδ’,ἀτιμάζεις
2025 4585 2133 4639 πόλιν.

372 4662 427 4713 lloc
446 4663 524 4728 igitur
542 4662 619 4714 dicit:
639 4670 663 4714 et
683 4662 813 4730 delinquis
832 4665 871 4728 lin
891 4661 1041 4726 civitatem).
1063 4663 1148 4715 edicto
1167 4681 1219 4715 non
1238 4664 1388 4723 obsecutus,
1412 4680 1497 4732 neque
1515 4668 1644 4715 amantem
1664 4669 1688 4715 te
1708 4669 1826 4731 praestas
1844 4658 1943 4728 patriae
1961 4665 2021 4710 tuae
2059 4673 2134 4709 eren-

371 4733 417 4782 tis:
436 4731 457 4782 si
477 4746 529 4781 non
550 4730 636 4795 legum
655 4729 855 4798 obtemperatio.
876 4747 943 4800 qnae
963 4732 1060 4783 bonum
1079 4733 1162 4783 civem
1180 4732 1264 4791 decet,
1285 4740 1311 4783 at
1329 4734 1427 4798 patriae
1446 4734 1540 4783 caritas
1559 4733 1598 4782 sic
1617 4731 1686 4799 loqui
1707 4730 1845 4799 prohibere
1864 4736 1889 4779 te
1907 4726 1994 4778 debet.
2053 4724 2131 4804 iolare

371 4800 451 4864 igitur
468 4798 563 4849 dicitur
580 4799 702 4852 Tiresias.
727 4802 749 4850 si
768 4802 927 4866 quaerimus,
953 4806 977 4850 et
997 4795 1080 4861 νόμον
1100 4807 1125 4851 et
1143 4797 1223 4868 δίκην.
1259 4801 1372 4868 Apparet
1389 4808 1474 4852 autem
1494 4816 1524 4851 ex
1543 4801 1599 4868 ipsa
1618 4801 1743 4851 orationis
1762 4799 1854 4853 lorma.
1875 4796 2017 4915 impietatis
2035 4807 2131 4872 cumen

372 4877 398 4918 ut
417 4869 521 4933 grauius
540 4883 554 4916 a
574 4883 635 4933 rege
655 4868 750 4918 ellerri.
787 4865 886 4917 Deinde
912 4867 981 4934 quod
1007 4883 1099 4935 perum
1124 4869 1232 4919 attendit
1255 4869 1369 4918 animum
1395 4869 1426 4919 ad
1453 4884 1493 4925 ea.
1518 4884 1583 4935 quae
1609 4868 1746 4920 obscurius
1770 4864 1882 4918 Tiresias
1926 4864 1979 4923 ixit,
2003 4863 2062 4914 laert
2084 4874 2132 4911 suo

372 4951 444 4986 more
469 4933 598 5002 Oedipus.
635 4931 657 4985 ls
682 4936 760 4987 enim.
785 4936 829 5002 qui
854 4934 887 4984 de
910 4951 939 4985 se
963 4937 1019 5002 ipse
1045 4936 1179 5002 praedicat
1202 4953 1225 4987 r.
1243 4936 1306 4986 ¹291:
1330 4934 1486 5003 πάνταγὰρ
1505 4937 1595 4985 σκοπῶ
1614 4931 1705 5000 λόγον,
1731 4941 1817 4986 mente
1835 4940 1974 4987 occaecata
1992 4924 2131 4982 identidem

373 5018 483 5053 securus
507 5003 624 5069 negligit.
647 5018 715 5071 quae
741 5002 782 5052 ille
807 5003 972 5068 significavit,
995 5003 1064 5054 velut
1083 5021 1105 5054 v.
1124 5004 1182 5054 330.
1201 5005 1250 5054 334
1268 5020 1307 5072 sq.
1329 5004 1387 5059 ³60.
1412 5005 1455 5057 ubi
1474 5005 1587 5057 Tiresiae
1613 5004 1712 5054 verbis:
1736 4999 1798 5072 οὐχὶ
1820 4987 1936 5060 Ευϊκας
1959 4994 2094 5063 aptatam
2115 4993 2132 5059 ἢ

373 5067 483 5137 exrema}
501 5067 605 5135 λέγεινς
631 5071 694 5139 [quo
714 5071 771 5122 loco
790 5072 881 5122 nescio
900 5086 933 5122 an
953 5070 1121 5123 scribendum
1142 5073 1227 5140 potius
1246 5072 1291 5124 sit:
1314 5072 1331 5140 ἢ
1351 5072 1436 5140 πέρα
1455 5070 1555 5139 λέγοις
1578 5071 1610 5123 cl.
1634 5087 1657 5122 r.
1676 5070 1743 5136 348]
1769 5017 1926 5140 respondet:
1948 5064 1999 5134 οόχ
2016 5060 2087 5115 ὥστε
2103 5061 2134 5126 γ’

433 5138 444 5150 ι
574 5135 581 5151 Ι

372 5137 455 5186 elaeae
474 5154 604 5203 γνωστυν.
624 5165 656 5173 —-
