4674 5880
1222 304 1269 410 22

352 537 477 629 similia,
507 537 559 609 ubi
587 536 729 636 pustulat
754 550 810 607 aut
839 538 934 608 animi
961 540 1134 610 commotio
1162 553 1216 610 aut
1242 539 1415 627 bominum,
1442 565 1526 636 quus
1555 541 1726 640 loquentes
1754 544 1838 631 lacit,
1866 559 1990 618 natura.
2029 548 2141 646 ltaque

352 639 448 738 copia
475 641 615 737 quadam
634 639 804 710 verborum
832 639 952 712 enitent
979 639 1093 711 melica
1120 640 1257 712 maxime
1284 640 1437 731 carmina,
1470 653 1567 739 atque
1594 644 1638 713 uti
1663 645 1800 715 virorum
1827 670 2008 746 senumque
2035 652 2139 719 oratio

353 740 536 813 adstrictior
562 755 612 813 est
638 741 911 838 contractiorque,
942 742 990 813 sic
1017 766 1127 813 sermo
1154 743 1342 813 nunciorum
1369 741 1600 841 mulierumque
1628 744 1741 817 latiore
1768 772 1807 818 ac
1835 747 1985 820 liberiore
2010 749 2138 820 llumina

352 841 491 914 tunditur
517 866 557 913 ac
584 841 749 913 dilatatur:
777 855 809 912 ut
835 842 866 912 in
893 842 956 914 boc
983 868 1125 940 quoque.
1152 844 1239 940 quod
1267 857 1453 929 tractamus,
1479 869 1601 940 genere
1628 844 1743 929 nullus,
1770 849 1797 918 si
1825 849 2019 947 quaerimus,
2047 850 2138 920 locam

352 957 466 1036 exstet,
489 944 542 1042 qui
570 943 747 1041 pleonasmi
775 944 904 1015 numine
930 958 1020 1017 recte
1047 958 1184 1016 notetur.
1226 946 1311 1015 Duo
1338 945 1434 1034 enim,
1460 971 1546 1042 quae
1573 946 1786 1044 reperiuntur,
1813 949 1928 1020 inutilis
1954 951 2139 1022 redundan-

352 1048 415 1119 tiae
442 1045 602 1143 exempla,
631 1071 668 1116 ea
697 1045 883 1142 fragmentis
910 1047 1008 1143 petita
1035 1061 1120 1137 sunt,
1147 1059 1180 1116 ut
1207 1060 1238 1117 et
1264 1047 1420 1117 incertum
1447 1046 1488 1118 sit
1514 1047 1556 1118 de
1582 1061 1700 1145 poetae
1727 1050 1865 1120 consilio
1892 1051 2048 1144 iudicium,
2081 1080 2139 1122 ne·

351 1172 415 1247 que
447 1147 488 1218 de
523 1148 703 1244 integritate
735 1147 914 1246 scripturae
948 1149 1101 1219 dubitatio
1133 1148 1236 1218 omnis
1268 1147 1405 1219 tollatur.
1451 1146 1519 1219 Sed
1553 1150 1595 1220 de
1626 1149 1675 1220 his
1708 1165 1823 1246 postea
1851 1152 2035 1225 viderimus:
2071 1180 2137 1224 rem

351 1251 454 1348 ipsam
482 1272 566 1320 nunc
593 1248 777 1347 aggredior.
831 1250 879 1320 Aa
906 1250 1040 1347 primum
1068 1250 1197 1347 quidem
1225 1250 1266 1319 de
1293 1275 1340 1320 ea
1367 1251 1527 1346 ligura,
1554 1277 1651 1348 quam
1680 1266 1795 1323 vocant
1821 1254 2137 1348 παρηγμένον.

351 1375 456 1450 pauca
483 1350 629 1421 videntur
660 1352 873 1449 proponenda
904 1376 991 1443 esse,
1022 1376 1120 1448 quam
1152 1376 1225 1421 cum
1252 1355 1421 1443 Aeschylus
1451 1352 1775 1444 rariusadbibuerit,
1808 1356 1980 1444 Sophoclea
2011 1370 2044 1425 ut
2076 1359 2139 1425 irr-

351 1452 560 1552 quentissime
593 1453 640 1522 sic
672 1451 920 1549 prudentissime
952 1453 1127 1549 usurparit.
1180 1452 1251 1523 Non
1284 1465 1492 1523 consectatur
1523 1453 1606 1524 euim
1639 1453 1765 1525 inanem
1791 1454 2050 1547 concinnitatem,
2078 1459 2136 1527 sed

351 1555 393 1626 ita
420 1553 472 1625 illa
500 1554 604 1641 ulitur,
637 1566 672 1623 ut
697 1553 940 1650 rei'imagineru
967 1580 1157 1651 expressam
1181 1566 1256 1624 ante
1278 1549 1391 1625 oculos
1416 1566 1526 1651 ponat,
1554 1555 1792 1653 describatque,
1815 1580 1911 1654 quatu
1930 1557 2138 1628 vehementer·

351 1680 512 1755 personae
545 1655 670 1726 animus
702 1655 810 1725 intima
842 1669 874 1725 et
906 1654 1065 1726 bominum
1098 1671 1129 1725 et
1162 1681 1268 1726 rerum
1301 1656 1541 1727 necessitudine
1574 1657 1702 1753 penitus
1734 1670 1985 1728 commoveatur.
2041 1659 2137 1743 Quod

350 1757 480 1858 quidem
503 1755 659 1853 exemplis
683 1756 804 1852 aliquot
826 1755 983 1827 illustrare
1006 1758 1165 1828 conabor:
1189 1758 1228 1827 cl.
1247 1756 1304 1828 Pb.
1322 1757 1486 1830 1129εῶ
1513 1756 1611 1836 τόξον
1636 1757 1770 1850 φίλαν,
1799 1758 1828 1829 ὦ
1856 1756 1982 1852 φίλων
2003 1766 2136 1852 χειμών

351 1856 634 1956 ἐκβεβιασμένον.
677 1882 772 1955 quae,
808 1884 904 1954 quam
931 1858 1024 1929 luerit
1050 1859 1142 1956 quasi
1178 1857 1338 1929 lamiliaris
1367 1856 1564 1930 Philoctetae
1599 1883 1672 1929 cum
1706 1884 1784 1931 arcu
1819 1885 1880 1931 suo
1915 1861 2134 1933 necessitudo.

350 1960 483 2058 egregie
511 1959 701 2056 exprimunt.
747 1959 823 2030 ltem
850 1961 922 2030 Ant.
943 1960 1007 2031 73:
1034 1959 1129 2054 φίλη
1153 1961 1233 2049 μετ’
1260 1958 1369 2030 αὐτοῦ
1395 1958 1553 2048 κείσομαι
1578 1959 1698 2053 φίλου
1720 1959 1813 2050 μέτα
1841 1960 1969 2031 fraterni
1996 1962 2136 2032 suroris·

350 2087 414 2161 que
436 2061 533 2134 mutui
558 2062 678 2132 amoris
702 2060 823 2131 vincula
847 2061 1030 2157 significari,
1058 2063 1130 2131 loce
1155 2060 1272 2131 clarius
1300 2072 1398 2158 patet.
1419 2059 1499 2134 Oll.
1521 2061 1605 2132 929.
1625 2074 1748 2134 autern:
1775 2061 1845 2132 ἀλλ’
1869 2060 1988 2159 ὀλβία
2014 2085 2053 2132 rs
2078 2063 2136 2132 καί

350 2160 410 2245 ξὺν
434 2160 604 2259 ὀλβίοις
627 2160 685 2232 del
709 2161 842 2254 γένοιτο
869 2162 1004 2234 nuncius
1031 2162 1177 2234 locastae
1203 2162 1379 2260 perlectam
1406 2161 1633 2260 expletumque
1659 2162 1807 2234 amnibus
1834 2163 1901 2234 suis
1929 2164 2069 2235 numeris
2096 2191 2136 2234 ar

350 2263 669 2363 pertibusprecatur
690 2262 964 2361 felicitatemque
988 2265 1114 2362 etipsa
1138 2276 1169 2334 et
1193 2263 1380 2361 quibuscum
1400 2263 1494 2354 vivat,
1517 2260 1662 2335 lruantur
1683 2285 1812 2348 omnes3
1835 2264 1951 2359 quibus
1974 2265 2046 2362 quis
2070 2291 2135 2335 non

349 2366 455 2459 sentit,
478 2365 673 2436 commoveri
700 2389 817 2461 magno
845 2390 945 2462 opere
971 2366 1125 2437 debuisse
1150 2365 1329 2455 audientes,
1353 2365 1475 2462 quippe
1501 2364 1554 2462 qui
1582 2390 1645 2435 non
1670 2365 1865 2461 ignorarent,
1888 2391 1985 2462 quam
2008 2391 2136 2463 pugna-

350 2479 400 2540 ret
424 2490 551 2538 summa
576 2464 638 2559 illa,
665 2491 760 2563 quam
784 2464 931 2538 locastae
953 2466 1146 2565 Oedipnque
1174 2466 1308 2537 nuncius
1332 2465 1536 2562 precabatur,
1562 2465 1698 2537 felicitas
1721 2490 1794 2536 cum
1818 2466 1984 2564 utriusque
2006 2468 2132 2537 lortuna

349 2562 557 2643 tristissima?
598 2567 700 2639 Porro
727 2569 767 2637 cl.
787 2568 837 2639 Ni.
857 2568 951 2640 2672
983 2568 1006 2663 ἢ
1032 2565 1189 2648 κοινὸς
1212 2565 1257 2635 ἐν
1283 2569 1478 2637 καινοῖσι
1504 2566 1686 2637 λυπεῖσθαι
1711 2567 1840 2654 Ευνώνς
1872 2568 1903 2637 b.
1924 2592 1953 2638 o.
1973 2581 2007 2640 ut
2028 2569 2131 2639 sebui.

350 2669 456 2742 verbis
483 2682 570 2741 uter:
605 2674 703 2763 κοινῇ
727 2669 909 2739 λυπεῖσθαι
935 2667 974 2739 έν
999 2669 1109 2762 φίλοις
1132 2672 1230 2762 κοινῇ
1255 2666 1493 2758 λυπουμένοις.
1508 2668 1542 2729 ¹³)
1567 2668 1683 2739 l'racb.
1711 2669 1800 2743 uta:
1827 2670 1967 2764 dutq‘pu
1991 2676 2134 2762 καινῷ

438 2838 472 2899 ¹³)
498 2834 568 2890 llaec
592 2840 614 2890 si
641 2838 792 2904 diligentius
815 2838 1037 2897 consideraveris.
1062 2840 1265 2897 controversias,
1292 2853 1360 2908 quae
1385 2836 1418 2889 de
1444 2838 1524 2889 totius
1549 2838 1599 2889 lnoi
1626 2839 1841 2905 interpretatione
1865 2838 2021 2889 sustiterunt
2045 2836 2133 2890 bodie.

349 2905 484 2958 canadas
503 2920 543 2957 ma
565 2922 624 2958 nam
644 2913 745 2975 partem
764 2906 841 2958 laeile
860 2906 956 2957 dirimi.
993 2906 1177 2957 Demonstrant
1196 2908 1265 2958 enim
1286 2906 1462 2973 apertissime.
1483 2920 1536 2956 non
1556 2913 1628 2957 recte
1646 2905 1729 2957 schol.
1749 2903 2008 2971 ι.299.οιρ11οεοοτ
2031 2904 2137 2971 ἡμεῖς

349 2970 409 3024 ἀντὶ
431 2972 482 3023 τοῦ
506 2971 521 3024 d
541 2921 623 3031 λῖας
645 2975 704 3023 νῦν
729 2990 777 3092 pq
799 2974 911 3022 νοσῶν
935 2971 1043 3041 ὀδννᾷ
1068 2971 1195 3025 ἑαυτὸν
1221 2971 1266 3024 διὰ
1288 2970 1321 3022 τὰ
1340 2971 1526 3040 πεπραγμένα.
1563 2973 1620 3024 Non
1639 2971 1786 3030 contundit.
1803 2972 1829 3024 id
1849 2972 1920 3041 quad
1939 2970 2132 3037 blusgrarie

347 3042 431 3093 risum
451 3047 500 3098 est.
524 3042 629 3094 Aiacem
648 3058 739 3093 secum
780 3056 899 3092 eornessa
919 3041 953 3092 ab
972 3043 1134 3094 fortunarum
1155 3049 1180 3092 et
1197 3043 1296 3093 amoris
1316 3043 1539 3096 coniunctionem,
1563 3040 1610 3092 aed
1630 3055 1797 3093 communem
1819 3039 1869 3091 sibi
1893 3040 1957 3091 dicit
1977 3055 2036 3091 eum
2057 3040 2132 3089 tinae

347 3122 408 3161 essa
431 3122 586 3161 aerumnam
611 3117 689 3178 atque
712 3109 913 3175 aegritudinem.
951 3108 1082 3160 Pertinent
1108 3109 1212 3164 eodem.
1237 3124 1304 3177 quae
1322 3107 1462 3160 Tecmessa
1481 3109 1515 3159 de
1535 3109 1618 3160 lisois
1638 3109 1739 3159 insania
1758 3113 1837 3175 atque
1855 3108 2019 3174 aegrimonia
2039 3112 2131 3172 postea

347 3175 1257 3313 autistiti·iiillttlttt.‘latta‘:tuttrbaititt
1274 3175 1655 3314 l‘·ta⁸-‘¹e⁸⁰⁵lt.¹tt.tzt
1674 3181 1802 3294 attat
1815 3175 2131 3308 uastitatis

347 3319 386 3365 est
399 3312 551 3365 coniectura
564 3311 617 3369 illa.
634 3312 713 3381 quam
728 3313 828 3380 primus
842 3310 1010 3363 llermann.
1023 3328 1045 3363 r.
1057 3312 1116 3362 ⁴269.
1130 3328 1177 3378 pro
1199 3313 1281 3362 osuit:
1299 3308 1332 3359 od
1351 3311 1509 3366 νοσοῦντος,
1530 3318 1590 3378 pust
1602 3326 1651 3362 auo
1664 3311 1715 3376 ipsi
1728 3313 1754 3362 in
1775 3312 1835 3362 anio
1848 3315 2003 3362 invenerunt
2018 3306 2131 3373 Bergk.

347 3380 424 3440 (lun.
441 3378 506 3447 phil.
526 3375 580 3432 vot
596 3381 637 3431 at.
656 3396 681 3447 p.
694 3378 766 3441 239.)
786 3378 1075 3432 etSebnsidewiu.
1093 3329 1197 3442 (Phiiol.
1211 3376 1252 3430 tv,
1290 3378 1388 3439 Aba).
1412 3379 1707 3446 iudiciaquesuocotu
1730 3395 1759 3429 ro
1796 3385 1856 3431 runt
1874 3374 2130 3437 nualtellam.

347 3448 383 3499 lit.
402 3449 455 3500 anti
477 3464 502 3499 u.
521 3443 577 3500 vot.
591 3445 621 3500 ll
660 3449 758 3503 ..truta
778 3447 821 3515 qui
840 3455 927 3498 tamen
948 3463 1017 3499 nunc
1035 3448 1111 3498 aliter
1128 3449 1216 3503 sentit,
1236 3396 1522 3499 etllauobsnstein.
1540 3447 1617 3509 (dnn.
1637 3394 1772 3525 pbili'ql.
1785 3445 1826 3496 62.
1844 3461 1871 3512 p.
1885 3443 1953 3504 120.)
1971 3449 1996 3492 et
2014 3440 2131 3521 Enqer.

346 3514 422 3578 (ruit.
434 3464 487 3567 Xl.
507 3532 533 3583 p.
547 3515 608 3576 99).
640 3464 727 3566 llemo
745 3523 832 3567 autem
851 3515 933 3566 oredo
952 3516 1020 3566 irena
1038 3531 1102 3566 sane
1121 3515 1289 3566 artificiosam
1309 3514 1553 3592 interpretationem
1571 3512 1659 3564 verbu
1677 3514 1767 3565 inritis
1784 3528 1816 3565 ao
1840 3526 1924 3588 prape
1947 3511 2132 3562 recusantibus

347 3581 423 3635 laniis
441 3583 578 3651 probabit:
603 3596 663 3636 oum
683 3585 744 3633 ilar
762 3598 814 3634 non
834 3581 944 3636 laborat.
965 3599 1015 3634 nor
1033 3583 1071 3645 (b.
1090 3599 1113 3633 e.
1133 3590 1158 3632 et
1177 3596 1226 3648 ago
1245 3590 1272 3634 et
1289 3581 1364 3641 λιιι)
1387 3581 1476 3634 altliati
1495 3584 1620 3633 tammus.
1656 3580 1748 3649 Neque
1772 3581 1859 3633 obstat
1881 3593 1915 3633 ar.
1945 3591 2026 3643 quana
2050 3595 2132 3646 supra

347 3649 432 3716 posui.
450 3652 671 3720 interpretationi.
685 3651 792 3702 verbum
811 3667 863 3717 quo
876 3650 962 3702 Teani.
976 3652 1063 3707 utitur,
1083 3652 1201 3703 νοσεῖν,
1220 3652 1319 3717 quippe
1357 3650 1408 3701 uod
1428 3667 1479 3701 non
1499 3650 1628 3700 insaniam
1648 3656 1757 3705 tantum.
1775 3647 1822 3700 aed
1841 3660 1920 3697 omne
1938 3659 2025 3713 genus
2043 3651 2131 3713 aegri·

346 3715 445 3768 tndlnis
462 3719 615 3785 significare
632 3718 725 3775 soleat.
748 3718 780 3769 ol.
795 3715 857 3769 ott.
869 3718 915 3768 60:
941 3715 990 3766 oda
1008 3713 1082 3766 lero
1102 3715 1176 3778 ὑμῶν
1196 3716 1274 3773 ὅστις
1290 3715 1325 3774 ἐξ
1338 3666 1400 3767 lanu
1419 3731 1503 3766 νοαο
1512 3717 1527 3767 i.
1546 3711 1584 3767 lb.
1598 3716 1678 3765 tuat:
1702 3711 1765 3772 ἅλις
1787 3709 1930 3763 uooada'
1950 3708 2015 3777 ἐγώ.
2051 3714 2130 3779 Quod

348 3799 407 3837 aum
425 3798 479 3837 nou
498 3789 642 3854 perspiciat
661 3787 760 3837 ebenus
779 3785 936 3853 respondet:
961 3787 1020 3840 πῶς
1036 3784 1112 3837 τοῦτ’
1131 3781 1244 3843 eirene:
1269 3782 1302 3833 nd
1320 3782 1430 3841 κάτοιδ’,
1454 3783 1531 3841 ὅπως
1547 3777 1644 3847 λέγεις.
1676 3784 1814 3836 desereret
1831 3784 1918 3831 autem
1936 3780 2129 3836 rsitsmsntius.

346 3867 397 3906 usa
420 3858 520 3905 lamere
546 3870 609 3907 usus
634 3856 710 3922 copia
736 3853 778 3904 ilia
798 3853 948 3907 neritonum.
973 3868 1033 3903 sese
1058 3869 1110 3903 nun
1133 3853 1290 3915 intelligere.
1316 3858 1425 3921 propter
1449 3859 1560 3909 celeras.
1584 3851 1681 3918 quibus
1705 3852 1789 3903 oratio
1806 3846 1965 3900 Tecmessae
1989 3849 2128 3902 obscurata

345 3918 492 3979 ridebatur.
510 3922 643 3973 tenebras.
672 3919 745 3984 Quas
767 3927 793 3971 at
816 3921 933 3988 aperiam
957 3919 1186 3987 difficultatesque.
1210 3920 1305 3988 quibus
1328 3920 1403 3972 locus
1425 3918 1546 3971 laborare
1568 3919 1677 3970 omnino
1697 3918 1806 3972 ridetur.
1829 3923 1956 3983 quantum
1976 3916 2001 3968 ln
2021 3930 2063 3967 me
2080 3920 2127 3966 est.

345 3987 445 4044 tollam,
456 3990 607 4055 copiosiore
620 4005 688 4057 opus
700 4004 761 4041 esse
774 3987 843 4039 duco
855 3987 1033 4071 disputatione
1046 3991 1297 4054 sententiarumque.
1310 4003 1378 4056 quae
1391 3987 1608 4055 pronunciantur.
1620 3986 1740 4053 diligenti
1751 3983 1946 4051 explanatione.
1967 3986 2002 4036 ea
2012 3984 2125 4050 primum

349 4056 455 4126 quidem
475 4055 509 4107 da
528 4057 615 4110 uerbis
633 4057 707 4109 ebori
727 4055 826 4108 caea:
850 4052 897 4105 dil.
925 4053 950 4104 ελ
969 4053 1111 4110 πέπαυται.
1135 4055 1231 4120 κάρτ’
1251 4051 1288 4104 ἂν
1308 4053 1472 4123 εὐτυχεῖν
1491 4049 1580 4102 δοκῶ
1599 4055 1745 4122 quaesitum
1765 4058 1813 4107 est.
1839 4050 1944 4105 dicetne
1962 4051 2023 4105 sei
2055 4061 2126 4097 sum

346 4122 410 4174 adro
429 4123 525 4180 οῦντα,
550 4124 576 4174 id
599 4124 671 4193 quod
697 4121 847 4175 Hermann.
867 4126 965 4180 statuit.
990 4139 1022 4175 an
1043 4124 1191 4177 Aiacem.
1216 4138 1293 4190 quam
1313 4122 1556 4190 interpretationem
1576 4121 1696 4189 plerique
1714 4118 1828 4184 amplexi
1847 4128 1917 4172 sunt
1952 4064 2059 4171 subtilis
2078 4110 2128 4162 hoo

346 4192 380 4244 de
404 4139 464 4243 9ου
482 4189 641 4243 Wunderi
667 4199 751 4246 ssslat
775 4192 918 4258 disputatio
943 4193 970 4241 in
996 4189 1071 4243 Creta.
1090 4190 1130 4242 ed.
1151 4187 1216 4240 tet.
1236 4206 1261 4258 p.
1279 4190 1329 4241 tta
1348 4206 1397 4259 sq..
1419 4190 1464 4257 qui
1487 4188 1609 4240 effecisse
1633 4188 1695 4240 mibi
1714 4186 1826 4266 uidetur.
1847 4204 1900 4239 non
1919 4178 2056 4303 possetis
2080 4195 2127 4229 1111

345 4262 448 4312 ionuna
465 4274 498 4311 aa
515 4257 600 4311 salum
619 4260 728 4328 eborum
747 4261 873 4326 cogitare.
911 4259 981 4309 lieet
1004 4260 1073 4310 enirn
1100 4257 1166 4315 ναὸς
1187 4256 1297 4324 ἀρωγοί
1319 4260 1355 4310 illi
1378 4258 1433 4310 suis
1456 4256 1605 4308 commodis
1628 4271 1679 4306 non
1704 4268 1812 4307 menime
1835 4265 1973 4308 consuere
1991 4244 2129 4324 rideantur

344 4327 577 4391 (olam-dil.
601 4333 688 4377 tamen
713 4330 802 4396 inepte
826 4325 859 4376 de
883 4333 966 4377 seruet
991 4328 1050 4394 ipsa
1075 4327 1097 4378 is
1122 4327 1297 4380 diceret..cui
1321 4332 1364 4378 res
1385 4323 1539 4375 cudendum
1562 4322 1595 4374 ad
1620 4337 1651 4373 ea
1674 4330 1754 4377 esset.
1779 4337 1848 4392 quaa
1869 4321 1902 4370 de
1923 4317 2036 4367 iliacus
2058 4330 2128 4365 nova

345 4395 438 4449 dolore
461 4410 493 4445 sc
517 4394 633 4473 querelis
656 4394 855 4446 uehementibus
881 4410 912 4445 ex
932 4393 1073 4447 'lecrnessa
1098 4394 1177 4445 mado
1201 4394 1328 4445 audierat.
1364 4342 1470 4445 leuauit
1495 4390 1566 4461 quod
1591 4391 1669 4442 etiam
1695 4391 1720 4441 in
1746 4391 1791 4447 iis.
1821 4402 1889 4456 quae
1907 4388 2070 4461 sequuntur.
2095 4382 2128 4459 ds

346 4464 460 4516 iliaris
479 4465 645 4529 potissimum
665 4477 736 4518 casu.
755 4479 806 4513 nun
826 4461 860 4513 de
879 4462 980 4514 lortuna
1000 4462 1073 4513 chori
1093 4463 1186 4526 agitur.
1217 4460 1308 4529 Neque
1328 4459 1487 4527 negligenda
1506 4466 1546 4511 est
1564 4459 1603 4509 ria
1621 4457 1767 4525 particulae
1786 4450 1885 4508 ἀλλά,
1905 4457 2128 4527 11111111111111111).

345 4546 413 4601 quae
437 4537 477 4581 est
500 4529 619 4608 modeste
643 4528 783 4607 iudicantis
805 4546 836 4580 ac
859 4530 913 4582 lere
937 4530 1088 4580 dubitantis.
1114 4528 1150 4579 De
1170 4531 1347 4607 lisciacum
1371 4542 1438 4579 noro
1462 4527 1554 4604 dolose
1575 4526 1700 4602 reductu
1723 4526 1842 4579 edoctae.
1865 4533 1924 4568 0⁰⁶¹
1943 4530 2050 4594 91111891
2070 4532 2128 4567 0¹⁸¹ss

346 4604 645 4727 aenaeae
659 4583 2128 4733 ,uituraaaaala‘tr.aestiuasalirunas.talamarum

345 4731 392 4788 Vir
411 4734 526 4802 denique
545 4732 641 4784 deesse
661 4738 771 4798 poterat.
814 4734 865 4784 uod
886 4746 970 4801 paene
989 4734 1169 4783 necessarium
1189 4738 1253 4790 erat.
1278 4744 1426 4798 pronomen
1446 4726 1521 4795 ἐγώ.
1557 4725 1648 4796 Neque
1668 4742 1729 4779 reru
1750 4724 1801 4773 hoo
1822 4718 1951 4777 enneade.
1975 4734 2127 4798 1111111111

350 4802 591 4870 audiendum‚essa
630 4814 758 4851 runorneu
776 4748 884 4849 alre.
901 4802 930 4860 (i.
943 4815 966 4851 s.
980 4800 1106 4863 diacum).
1123 4800 1193 4866 quod
1214 4801 1240 4850 ln
1259 4799 1308 4851 bau
1326 4813 1405 4849 causa
1423 4797 1494 4850 baud
1511 4813 1569 4848 raro
1588 4797 1722 4847 omittitur.
1740 4797 1767 4841 ut
1780 4788 1842 4841 Oli.
1856 4787 1935 4838 1179:
1953 4799 2128 4839 κατυικτισας.

346 4867 507 4924 darnae.
526 4867 566 4925 ὡς
583 4863 603 4916 d
618 4863 666 4934 λην
683 4863 776 4935 χθόνα
793 4865 880 4915 δοκῶν
898 4866 1074 4922 ἀποίσειν,
1093 4864 1178 4923 αὐτὸς
1195 4863 1278 4916 ἔνθεν
1296 4863 1337 4934 ἦν.
1367 4865 1522 4944 llepugnant
1534 4865 1584 4915 nisi
1598 4862 1673 4913 latior
1685 4874 1724 4912 ea.
1737 4873 1805 4924 quae
1817 4855 1956 4906 Tecrnessa
1970 4852 2127 4920 respondem

346 4954 398 4993 aun
418 4939 452 4988 da
471 4935 555 4988 lineis
572 4936 642 4987 enirn
662 4937 748 4989 unius.
767 4934 814 4985 sed
834 4934 866 4984 de
886 4934 985 5001 duplici
1005 4935 1083 4991 malo.
1105 4941 1128 4986 et
1147 4936 1232 4986 liaris
1250 4942 1275 4985 at
1294 4949 1343 4985 suo
1361 4935 1455 5001 ipsius.
1473 4932 1597 5000 loquitur.
1618 4927 1687 5006 unde
1706 4924 1853 4975 luculenter
1869 4929 1989 5002 apparat.
2006 4921 2127 4970 Termes-

345 5021 401 5059 saut
421 5015 492 5058 certe
511 5005 544 5055 ita
564 5005 762 5072 interpretatum
781 5003 854 5054 eburi
873 5006 1029 5055 seutentiam
1050 5018 1119 5058 esse,
1145 5009 1169 5053 ut
1190 5003 1223 5053 de
1242 5004 1361 5053 ior-tunae
1380 5004 1556 5069 prosperitate
1576 5008 1750 5051 unrrersa.
1773 5008 1850 5060 11111111
1871 4998 2009 5042 1111911111
2030 4993 2128 5041 esseni.
