4674 5880
1095 292 1118 363 5

217 538 355 637 ἐσοίμην
387 541 464 609 τοῦ
494 532 814 630 φυτεύσαντος
847 529 1029 622 πατρός.
1081 531 1174 601 827:
1219 526 1355 618 πατέρα
1382 527 1603 597 κατακτανεῖν
1630 525 1787 624 Πόλυβον
1812 521 1861 606 ὃς
1892 525 1993 607 ἐξὲ-

218 641 365 740 όρεφε
388 632 623 733 κόξέφυσέ
644 656 720 725 με,
753 656 848 727 quern
876 656 1003 704 versum
1037 630 1175 729 primum
1207 654 1245 702 se
1277 628 1400 717 „uncis
1427 626 1631 737 ἰυφλυεὶευεα
1664 630 1842 700 Wunderus
1868 626 1993 701 dicit'l

216 745 312 819 Plura
343 738 490 840 exempla
521 734 732 835 suppeditant
763 735 925 832 Euripidis
956 732 1156 832 tragoediae,
1191 743 1226 803 ut
1250 729 1334 804 Med.
1357 730 1471 803 1349:
1504 726 1546 800 οό
1574 730 1709 815 παῖδας,
1736 728 1819 812 οὓς
1847 724 1994 826 ἔφυσα

212 841 597 942 κάξεθρεψάμην,
631 834 701 919 ἔξω
733 839 932 929 προσειπεῖν
965 836 1105 923 ζῶντας,
1137 832 1214 905 ἀλλ’
1250 833 1428 904 ἀπώλεσα.
1486 831 1581 904 Ηετε.
1603 833 1623 903 f.
1647 831 1742 904 1367
1754 858 1762 903 :
1796 831 1818 903 ό
1848 831 1998 927 φύσας

209 948 276 1046 χώ
300 946 446 1019 τεκὼν
473 943 566 1034 ὑμᾶς
594 939 743 1036 πατὴρ
769 938 943 1009 ἀπώλεσε.
992 937 1048 1010 Or.
1073 938 1185 1009 1491:
1220 934 1278 1007 ἐπὶ
1303 935 1401 1031 φόνῳ
1424 935 1641 1029 χαμαιπετεῖ
1655 932 1847 1027 ματρός,
1879 934 1907 1005 ό
1929 962 1995 1012 νιν

216 1047 375 1124 ἔτεκεν
403 1045 590 1135 τλάμων.
629 1040 699 1139 lpb.
719 1041 756 1113 λ.
776 1044 872 1136 872:
901 1041 1008 1111 παῖόα
1033 1040 1100 1137 σὴν
1125 1039 1277 1135 πατὴρ
1303 1038 1324 1108 ό
1350 1036 1499 1133 φύσας
1522 1033 1684 1131 αύτόχεφ
1706 1035 1825 1129 μέλλει
1849 1042 1995 1114 κτανεῖν.-

219 1155 337 1227 1177:
370 1142 551 1219 ἀπώλεσέν
573 1142 623 1233 α’,
654 1143 686 1216 rb
713 1142 842 1231 τέκνον,
873 1144 894 1214 ό
920 1141 1135 1238 φυτεύσας
1164 1141 1313 1236 πατήρ.
1355 1138 1423 1237 lph.
1443 1137 1480 1210 Τ.
1501 1137 1592 1210 36οτ
1617 1132 1779 1234 ἔσφαζον,
1811 1137 1931 1231 ἱερεύς
1958 1143 1992 1215 δ’

216 1253 262 1354 ἦν
284 1254 306 1325 ό
329 1248 535 1345 γεννήσας
551 1246 701 1342 πατήρ.
729 1244 776 1318 ΕΙ.
796 1246 910 1318 1182:
932 1243 989 1316 όιιλ
1012 1242 1125 1336 πυρός
1144 1240 1269 1337 ἔμολον
1292 1243 1317 1313 ἁ
1339 1241 1482 1314 τύλαινα
1500 1238 1629 1332 ματρὶ
1651 1241 1726 1336 τᾷό,
1751 1240 1835 1334 ἅμ’
1860 1236 1995 1318 ἔτικτε

218 1354 365 1447 κούραν.
411 1349 523 1422 1185:
555 1344 597 1419 tn
629 1347 912 1443 τύχας-μᾶτερ
944 1345 1120 1418 τεκοῦσ’
1155 1344 1289 1419 ἄλαστα
1311 1343 1424 1437 μέλεα
1450 1340 1509 1414 καλ
1533 1341 1626 1434 πέρα
1653 1346 1819 1415 παύοῦσα
1844 1350 1916 1417 σῶν
1941 1347 1994 1420 τέ·

219 1476 312 1528 κνιυν
338 1450 426 1526 όπαί.
462 1451 577 1523 1211:
605 1446 692 1546 ίήῖον
716 1448 829 1520 κλύων
853 1448 935 1542 γόον
957 1449 1134 1540 ματρός,
1161 1448 1188 1520 ό
1211 1448 1244 1519 σ’
1273 1443 1441 1517 ἔτικτεν.
1483 1446 1603 1518 Phoen.
1628 1446 1743 1518 1600:
1769 1446 1789 1517 ό
1815 1446 1998 1542 σπείρας

220 1554 367 1653 πατὴρ
391 1550 513 1625 κτείνει
535 1574 600 1643 με.
637 1550 688 1624 Er.
712 1551 827 1649 adesp.
855 1550 946 1623 290:
972 1548 1015 1621 od
1041 1550 1075 1622 δ’
1104 1548 1267 1647 αύτόχειρ
1292 1571 1333 1641 γε
1355 1546 1565 1643 μητρόςῆ
1592 1546 1626 1618 σ’
1655 1544 1875 1641 ἐγείνατο.
1917 1552 1991 1628 Ευτ.

224 1660 236 1732 l
258 1660 288 1730 h.
307 1656 342 1730 T.
360 1655 452 1731 556:
478 1656 578 1736 παῖς
601 1677 660 1742 νιν,
686 1649 731 1725 όν
756 1648 879 1748 ἔτεχ’,
907 1651 1011 1734 ούτος
1033 1650 1174 1724 ὤλεσεν.
1217 1651 1299 1725 Μεό.
1322 1652 1437 1722 128οε
1469 1649 1545 1731 ἅτις
1567 1648 1736 1721 τέκνων
1762 1646 1809 1721 όν
1834 1646 1998 1741 ἔτεκες

222 1686 344 1854 boor
368 1754 547 1853 αὐτόχειρι
568 1752 678 1851 μοζοᾳ
702 1757 839 1836 κτενεῖς.
880 1751 982 1852 Soph.
1008 1755 1046 1825 fr.
1065 1755 1157 1827 806:
1184 1756 1338 1835 naida<
1361 1752 1431 1846 γὰρ
1458 1750 1532 1835 οὓς
1555 1746 1671 1848 ἔφυσ’
1698 1750 1886 1838 ἀναλώσας
1908 1751 1992 1853 ἔχει.

219 1860 336 1935 Eodem
354 1861 389 1931 in
407 1882 530 1958 genere
548 1870 601 1930 est
616 1855 652 1930 S.
672 1856 719 1929 El.
742 1858 857 1929 1412:
884 1855 959 1926 ἀλλ’
988 1855 1053 1927 οόκ
1079 1854 1120 1928 ἐκ
1145 1855 1251 1928 σέόεν
1277 1853 1462 1950 ᾤκτεζοεό’
1491 1852 1603 1944 ούτος,
1631 1851 1710 1925 οὔθ’
1738 1854 1759 1925 ό
1785 1859 1997 1953 γεννήσας

215 1963 388 2059 πατήρ,
415 1960 467 2033 uhi
494 1958 754 2060 exspectaveris:
781 1956 922 2040 αύτὸςό
940 1958 1041 2040 πόσις
1059 1982 1134 2031 σου.
1180 1963 1225 2031 At
1251 1960 1282 2030 in
1310 1957 1372 2030 bac
1398 1982 1496 2030 causa
1524 1955 1806 2029 vehementissime
1832 1960 1995 2042 concitata
2071 2030 2078 2044 ,

216 2064 343 2139 Electra
366 2062 409 2135 de
431 2087 494 2135 suo
512 2062 649 2135 maxime
672 2059 786 2134 dolore
808 2060 924 2156 suique
947 2061 1049 2158 patris
1074 2062 1175 2134 atroci
1198 2061 1325 2134 interitu
1349 2061 1481 2158 cogitat,
1503 2073 1637 2131 matrem
1660 2058 1839 2132 admonens
1864 2063 1994 2157 acerbe,

215 2191 312 2264 quam
344 2165 467 2338 oelarpe
490 2189 560 2339 {pp
590 2163 776 2339 εεεὲετεσὸίο
793 2161 1062 2337 ἴλίγλὲετοεὸειὲμοιέ
1075 2164 1268 2340 peccpperit.
1309 2162 1380 2336 an
1407 2162 1507 2235 aliter.
1539 2187 1612 2333 cupi
1645 2159 1854 2335 pleoeffdipat
1882 2164 1993 2340 lelus

140 2324 145 2332 ·
214 2268 500 2445 fifeoiril’hrivfus
525 2289 740 2441 nifreinvbis
755 2288 922 2466 increbal
939 2263 1243 2442 ierbisliiybbbii
1252 2285 1783 2463 τίταέἔρίίκαςίιζίακκττεεῖννέιῖαοέἥλν.
1803 2268 1912 2441 5l38iil
1920 2294 1996 2467 fii}

216 2471 395 2556 ξυνεύδεις
413 2475 467 2567 τῷ
487 2468 707 2566 παλαμναίῳ,
726 2467 807 2563 μεθ’
837 2468 880 2540 ού
903 2467 1041 2562 πατέρα
1064 2468 1122 2541 τὸν
1144 2468 1232 2563 ἀμὸν
1255 2471 1409 2563 πρόσθεν
1432 2466 1670 2557 ἐξαπώλεσας,
1688 2465 1747 2538 καλ
1767 2470 1993 2564 παιδοποιεῖς,

100 2582 103 2589 ’
216 2599 314 2672 quem
341 2598 469 2649 versum
494 2598 555 2647 ουτ
580 2571 745 2671 Sophocle
770 2572 937 2669 indignum
965 2571 1063 2645 ducat
1093 2576 1243 2646 Wunder.
1272 2571 1421 2666 (Emend.
1441 2571 1473 2643 in
1492 2570 1609 2643 Trach.
1630 2596 1662 2668 p.
1684 2570 1771 2662 lb),
1798 2596 1870 2644 cum
1897 2573 1995 2673 polli-

217 2678 302 2751 citua
325 2676 381 2767 sit,
397 2675 539 2749 noudum
556 2688 663 2748 tameo
688 2674 775 2770 quod
798 2674 900 2745 sciam
923 2673 1052 2773 planum
1066 2666 1159 2747 'fecit
1200 2672 1401 2749 Manifestum
1425 2687 1615 2759 ementem,
1638 2671 1796 2745 Electram
1819 2690 1994 2774 propterea

216 2778 260 2853 de
285 2778 390 2879 patris
415 2777 521 2852 mede
546 2777 686 2874 quadam
714 2777 883 2850 verborum
916 2776 1011 2875 copia
1044 2790 1177 2850 matrem
1212 2778 1396 2875 obiurgare,
1432 2789 1467 2848 ut
1500 2775 1604 2873 magis
1635 2790 1802 2873 appareat,
1836 2800 1932 2872 quam
1954 2806 1994 2854 ea

216 2878 411 2956 detestabile
441 2881 474 2953 in
507 2905 547 2953 se
576 2880 688 2953 scelus
720 2879 895 2969 admiserit,
928 2902 1012 2974 quae
1044 2879 1172 2973 quidem
1204 2903 1275 2951 cum
1301 2881 1333 2950 in
1360 2878 1508 2951 maritum
1533 2891 1598 2949 tum
1626 2876 1806 2976 inliberos
1833 2894 1865 2952 et
1890 2883 1994 2956 caede

216 2983 378 3058 carissimi
401 2982 504 3083 patria
521 2996 555 3056 et
571 3008 613 3055 eo
630 2981 826 3081 peccaverit
849 2981 936 3079 quod
955 3006 995 3052 ex
1014 2982 1135 3054 nefario
1154 2981 1216 3053 isto
1236 2982 1365 3054 homine
1384 3007 1448 3053 non
1468 2979 1572 3052 solum
1592 2977 1712 3052 liberos
1735 2980 1849 3078 pariat,
1871 2985 1931 3057 sed
1954 3010 1993 3057 ex

216 3086 329 3186 priore
353 3110 461 3185 eoque
486 3085 572 3158 iusto
598 3110 640 3158 ac
666 3084 808 3183 legitimo
835 3083 1037 3155 matrimonio
1064 3098 1238 3182 susceptos
1264 3082 1347 3157 male
1373 3084 1472 3156 etiem
1499 3082 1627 3157 haheat.
1680 3082 1775 3156 Addo
1802 3081 1993 3160 Ττ.1125;

301 3256 326 3318 ⁸)
352 3252 432 3318 Quod
445 3252 566 3323 Oedipus
582 3252 672 3322 Polybi
690 3268 787 3306 nomen
804 3253 890 3321 ipsum
909 3253 1016 3321 profert,
1034 3252 1095 3304 nolo
1112 3252 1235 3321 equidem
1248 3270 1326 3307 versu
1343 3253 1402 3304 956.
1420 3251 1579 3305 defendere:
1597 3249 1725 3319 πατέρα
1739 3251 1786 3303 τόν
1803 3251 1852 3304 σόν
1869 3251 1992 3321 ἀγγελῶν

219 3318 262 3379 ee
276 3318 326 3371 οόκ
342 3314 382 3372 fel
403 3318 471 3375 όντα
488 3316 657 3386 Πόλυβον,
681 3314 738 3371 ἀλλ’
759 3317 893 3377 ὀλωλότα,
913 3337 971 3372 cunr
992 3321 1042 3373 hoc
1061 3321 1119 3372 loon
1138 3322 1252 3375 nominis
1272 3323 1369 3374 mentio
1388 3320 1476 3374 nuncii
1496 3319 1647 3382 dittrenrtae
1666 3323 1815 3373 conveniat:
1834 3335 1991 3391 quamquam

220 3389 290 3459 quod
310 3386 409 3445 lucusta
428 3392 487 3444 eius
504 3392 583 3444 verbs
602 3392 690 3449 refert,
710 3389 840 3443 inolitioso
859 3390 909 3441 hoo
928 3391 1047 3442 furtunae
1064 3389 1178 3442 ludibrio
1194 3390 1333 3443 audientes
1350 3392 1406 3443 lieri
1424 3406 1476 3442 non
1495 3397 1581 3457 potest
1598 3406 1660 3459 quio
1679 3391 1859 3442 uehementius
1875 3407 1992 3444 ouintno·

222 3465 335 3511 veantur.
358 3455 387 3512 lu
407 3461 465 3529 ipsa
484 3474 572 3511 rerum
592 3459 748 3511 condicione
767 3474 846 3509 causa
865 3458 914 3509 sita
934 3466 982 3515 est.
1000 3473 1051 3526 qua
1070 3456 1165 3510 eluctus
1182 3474 1205 3510 a.
1221 3459 1279 3510 827.
1305 3458 1393 3524 Polybi
1412 3473 1507 3511 nomen
1527 3465 1605 3524 poeta
1624 3458 1758 3511 adiecerit.
1783 3457 1902 3526 Oedipus
1921 3460 1991 3513 enim

224 3532 291 3603 metu
313 3528 462 3595 perculsus.
486 3544 520 3580 ue
539 3530 597 3597 ipse
622 3528 677 3579 Laii
697 3528 849 3579 interfector
867 3525 1082 3594 deprehendatur
1098 3527 1202 3594 sibique
1221 3529 1369 3580 tristissima
1389 3529 1445 3647 ipse
1465 3535 1588 3595 precatus
1606 3527 1648 3581 sit.
1671 3542 1703 3578 eo
1723 3529 1887 3595 potissimum
1907 3531 1992 3596 magis

224 3606 275 3644 tam
291 3602 460 3662 perterretur,
478 3596 549 3665 quod
568 3597 611 3649 fati
630 3596 750 3654 vinculis.
769 3610 837 3664 quae
855 3597 895 3647 uix
914 3596 1040 3662 effugisse
1059 3595 1109 3646 sihi
1128 3596 1199 3646 risus
1218 3597 1260 3652 sit.
1279 3597 1366 3649 denuo
1384 3615 1400 3648 o
1420 3597 1510 3649 stricto
1528 3595 1666 3646 atrocioris
1684 3596 1794 3647 sceleris
1812 3597 1992 3651 committendi

224 3660 265 3712 via
281 3661 331 3715 sihi
345 3665 380 3717 sit
396 3665 536 3735 patefacte.
566 3663 656 3733 Neque
674 3679 745 3723 vero.
766 3679 924 3785 ‹puamqoam
943 3681 957 3714 a
977 3663 1076 3716 Tiresia
1095 3662 1234 3715 obscurius
1253 3667 1376 3718 monitus.
1398 3681 1429 3717 eo
1448 3665 1498 3716 iam
1518 3663 1679 3729 perducitur,
1700 3670 1726 3715 ut
1745 3662 1843 3723 laium,
1865 3681 1943 3733 quem
1961 3682 1992 3720 sa

224 3742 336 3782 necem
351 3734 508 3803 suspicetur,
527 3740 628 3800 patrem
647 3732 749 3786 haheat.

224 3796 340 3850 minant·
355 3802 504 3867 parricidio.
529 3803 641 3881 maxime
660 3803 758 3852 metuit.
790 3800 864 3864 Quae
882 3801 998 3863 quidem.
1017 3813 1067 3864 qua
1081 3799 1201 3868 Oedipus
1219 3809 1312 3879 eaptus
1331 3808 1379 3853 est.
1404 3802 1498 3881 mentis
1516 3800 1636 3878 caecitas·
1648 3806 1673 3851 et
1690 3799 1785 3880 acerba
1804 3801 1896 3882 ipsius.
1912 3816 1990 3866 quam

220 3870 788 4005 tihtlttsttz‘ttttizztt‘eltltt
806 3869 1351 4006 titiltsitss¹tttttt¹pettit:
1366 3876 1499 4003 tilithi
1515 3868 1991 3992 illititttttti‘itttntt

219 4000 289 4054 haec
311 4003 419 4065 inquam
441 4020 518 4059 eausa
537 4008 641 4058 videtur
664 4022 733 4058 esse.
756 4019 806 4069 qua
830 4006 974 4070 perductus
998 4013 1074 4067 poeta
1094 4002 1226 4068 Oedipum
1250 4008 1339 4058 fecerit
1358 4007 1447 4072 Polybi
1472 4005 1552 4070 patris
1575 4019 1670 4056 nomen
1696 4006 1781 4069 ipsum
1806 4007 1991 4071 appellantem.

219 4068 268 4122 Cui
287 4072 371 4122 animi
390 4073 577 4135 perturbationi
596 4074 840 4126 vehementissimae
859 4090 918 4124 corn
938 4076 1049 4124 maxime
1068 4083 1244 4125 consentanea
1264 4084 1303 4126 est
1321 4078 1449 4128 orationis
1467 4075 1510 4127 illa
1529 4072 1648 4124 ubertas:
1673 4072 1778 4140 πατέρα
1796 4107 1803 4123 .
1823 4109 1830 4124 .
1853 4071 1893 4132 ὃς
1915 4075 1991 4134 ἐξέ-

221 4136 342 4205 θρεψε
365 4136 548 4207 scelerosi
569 4158 626 4206 με,
646 4144 720 4206 quasi
740 4159 802 4194 uero
821 4140 940 4205 Oedipus
958 4141 991 4191 ad
1010 4141 1118 4204 eosqui
1137 4141 1246 4193 audiunt
1265 4144 1298 4193 ‹le
1318 4145 1411 4195 urentis
1430 4157 1493 4195 suae
1512 4143 1638 4193 caecitate
1656 4141 1809 4194 edocendus
1827 4144 1992 4206 opinionem·

223 4220 273 4271 qua
290 4223 383 4260 eorum
403 4209 608 4264 confirmandam
622 4211 762 4263 verborum
782 4213 857 4274 copia
877 4210 964 4261 satiari
985 4226 1036 4260 non
1056 4210 1147 4273 possit.
1172 4211 1253 4272 ritune
1272 4210 1341 4263 hunc
1360 4215 1436 4263 etiam
1449 4213 1588 4262 verborum
1607 4208 1736 4265 ordinem.
1754 4211 1798 4272 out
1817 4218 1856 4264 est
1874 4213 1899 4263 in
1919 4211 1993 4267 libris

223 4290 284 4389 tpss.
296 4277 442 4395 suppullis.
462 4278 638 4361 delindusntria
658 4296 673 4330 a
695 4286 771 4343 poeta
791 4280 918 4330 selectum
938 4278 1061 4394 arbitro?
1080 4277 1301 4394 alliunllillldll:
1320 4279 1337 4348 ἥ
1348 4280 1376 4366 μ’
1391 4277 1498 4346 ἕύρεψτ
1516 4274 1634 4329 κᾶτεκεν.
1664 4278 1725 4330 flea.
1739 4280 1800 4396 iffi:
1818 4277 1915 4396 τοιέἴτόν
1934 4282 1992 4365 ποτ

225 4356 342 4471 itt.
376 4345 1567 4498 finitimi,⁰'libili'lllssall'llllleellhl‘f'trfil?⁹llplissfiitfllil
1581 4346 1898 4484 lllt‘ttmttt.
1911 4347 1991 4482 tiis

226 4475 279 4531 fers
295 4490 451 4546 repetuntur
467 4484 528 4536 fro.
544 4486 593 4536 tat>
611 4498 652 4547 sq.
671 4485 746 4535 llero.
765 4487 780 4536 f.
800 4487 865 4536 titt:
883 4487 944 4540 πῶς
958 4481 1011 4550 γὰρ
1030 4482 1063 4532 ού
1082 4482 1153 4550 φιλο)
1172 4480 1287 4540 ἅτικτον,
1306 4484 1464 4554 όμοχόησα.
1501 4485 1574 4536 llom.
1592 4482 1643 4534 Od.
1663 4486 1702 4541 12,
1724 4485 1782 4536 134:
1800 4482 1851 4542 τὰς
1866 4485 1917 4550 μὲν
1935 4481 1992 4554 όρα

225 4540 353 4611 ¹9hW
370 4551 490 4605 τεκοῦσά
506 4568 537 4604 τε
556 4549 652 4603 πότνια
670 4550 770 4621 μήτηρ.
806 4553 846 4608 ll,
866 4555 928 4604 ⁴201:
947 4549 1014 4621 ipris
1033 4553 1138 4619 τράφεν
1157 4550 1198 4600 id’
1217 4552 1354 4618 ἐγένοντο.
1388 4555 1426 4607 Cf.
1445 4550 1559 4622 Erfurdt
1577 4553 1610 4603 arl
1630 4551 1695 4605 0.tt.
1712 4553 1769 4604 827.
1802 4551 1944 4620 fl'ueprlsb.
1956 4556 1990 4608 ad

225 4607 359 4673 itttut.
391 4618 498 4673 taeta.
516 4621 548 4674 ad
567 4618 726 4693 ilenhlem.
744 4618 783 4672 ΙΙΙ.
800 4622 874 4683 §itt
903 4618 1143 4673 planetarios.
1172 4617 1201 4673 V.
1218 4622 1276 4672 2118.
1307 4620 1403 4674 Joroh.
1421 4620 1802 4683 deusunrrm.plur.Numh.
1821 4623 1893 4675 1811.
1912 4624 1990 4687 ρ.35.

220 4677 554 4748 luminationem,
577 4705 622 4748 „er
643 4704 703 4740 rere
725 4690 790 4741 haec
809 4698 857 4750 est,
883 4691 974 4753 inquit.
993 4692 1132 4753 scripturn.
1151 4707 1202 4740 oon
1222 4690 1292 4753 qood
1311 4693 1465 4754 exquisitior
1481 4693 1514 4741 sit
1533 4690 1705 4755 praeferenda
1725 4692 1835 4749 videtur.
1853 4693 1900 4743 sed
1919 4692 1989 4752 quod

224 4750 302 4803 ualde
316 4756 432 4808 usitata.⁸‘
457 4756 539 4810 lmmo
558 4758 711 4821 exquisitior
727 4766 766 4809 est
784 4761 850 4810 iusto
869 4757 912 4808 illo
926 4759 1064 4809 verbor-orn
1082 4758 1184 4813 ordine.
1202 4760 1245 4822 qui
1263 4760 1393 4811 inuenitur
1408 4761 1515 4823 saepius
1534 4768 1558 4809 ut
1575 4760 1648 4810 floro.
1662 4756 1712 4808 Od.
1725 4758 1767 4816 2³.
1779 4759 1837 4810 325.
1850 4759 1909 4811 Eur.
1922 4759 1989 4811 bled.

223 4819 305 4871 tutu:
322 4818 357 4871 οό
374 4823 479 4884 παῖδας,
498 4823 550 4883 οὓς
567 4821 657 4890 ἔφυσα
675 4822 901 4894 κάξεθρεψάμην.
930 4826 965 4878 Ea
983 4828 1050 4878 enim
1071 4826 1147 4877 huius
1167 4826 1266 4892 lrpurae
1285 4828 1350 4878 solet
1371 4832 1407 4879 vis
1427 4843 1495 4879 esse.
1514 4834 1539 4877 ut
1560 4829 1655 4890 prioris
1674 4828 1793 4879 vocabuli
1812 4829 1924 4894 grauitas
1942 4829 1989 4879 im-

223 4891 317 4953 primis
341 4901 476 4959 augeatur.
500 4908 689 4957 nunnunquam
709 4911 769 4946 uero
793 4898 879 4954 etiam,
904 4903 931 4945 ut
952 4895 1072 4960 gradatio
1094 4896 1222 4959 quaedam
1246 4896 1384 4954 efficiatum
1414 4899 1446 4947 cl.
1467 4895 1557 4947 ffrtmi
1576 4904 1599 4947 et
1618 4894 1726 4947 trrrobr.
1745 4897 1777 4947 etl
1796 4894 1876 4948 lsocr.
1895 4896 1990 4964 Paneg.

217 4956 242 5019 5.
260 4959 302 5008 ¹25.
346 4956 605 5014 brancantino:
630 4960 662 5029 τῇ
681 4960 712 5011 ot-
729 4960 868 5031 stoaxoo'op
884 4961 967 5031 χιλονλ
986 4962 1027 5012 καὶ
1046 4959 1078 5030 τῇ
1097 4959 1219 5031 τεκούσῃ.
1263 4964 1318 5014 lloc
1336 4971 1421 5014 autem
1442 4965 1499 5016 loco
1520 4962 1660 5028 ἐξεύρεψε
1680 4966 1857 5027 praepositum
1877 4980 1908 5015 eo
1928 4979 1988 5029 spe-

217 5031 278 5083 ctet,
292 5035 319 5079 ul
330 5026 453 5093 Oedipus
463 5031 521 5083 diro
536 5033 580 5082 tati
593 5031 706 5083 ludibrio
719 5041 839 5098 agitatus.
853 5046 903 5095 que
918 5033 1024 5096 quidem
1038 5034 1194 5083 necessitate
1208 5032 1332 5099 l'olpbuur
1345 5049 1405 5084 vare
1418 5038 1536 5097 attinget.
1550 5036 1644 5085 inautus
1657 5051 1708 5085 non
1722 5038 1778 5084 sine
1789 5034 1811 5081 vi
1825 5036 1988 5093 pronunciet.

789 3749 858 3785 rnmo
876 3739 1032 3785 occaecatus
1050 3733 1138 3783 animo
1157 3731 1281 3800 Polybum
1301 3734 1424 3786 distincte
1442 3738 1542 3803 patrem
1561 3730 1686 3800 appellat,
1703 3731 1834 3802 huiusque
1851 3748 1886 3784 ne
1903 3741 1992 3787 conte·
