4674 5880
1145 290 1187 361 15

287 535 477 636 praesertim
509 534 680 607 enunciata
713 529 844 603 relativo
878 529 1079 626 interposito,
1116 531 1200 601 vetut
1230 529 1316 598 Ant-
1330 527 1401 600 198
1428 548 1499 625 sq:
1530 526 1586 599 τὸν
1616 528 1646 597 d
1673 524 1718 599 αὖ
1750 527 1910 620 ς’ύνατρον
1940 532 2053 622 τοῦδε,

285 638 489 736 Πολυνείκην
520 636 624 729 λέγω,
656 632 698 715 d<
726 634 1032 704 κτλ-τοῦτον
1063 631 1131 702 ιτλ.
1179 631 1254 702 ltem
1287 629 1340 701 lr.
1366 630 1450 703 820.
1479 629 1559 702 Oli.
1585 629 1668 702 385.
1702 627 1755 700 Τι.
1782 632 1853 704 287
1882 656 1969 729 sqq,
2000 635 2053 708 ubi

285 743 412 815 iteratio
443 741 554 813 nescio
585 762 626 810 an
659 735 803 806 solutiori
837 748 997 831 congruat
1028 733 1188 805 sermonis
1219 732 1284 821 tito.
1324 756 1425 827 aeque
1456 757 1496 804 ac
1527 732 1585 804 Pii.
1614 732 1698 804 766.
1738 773 1781 783 -
1820 731 1870 804 rr.
1901 736 1984 825 104,
2019 741 2052 810 2.

281 857 398 932 ουιοιο,
424 868 509 942 quae
533 863 703 939 perperam
726 835 901 934 Sophoclis
930 837 1083 911 feruntur.
1114 851 1266 933 quantum
1291 861 1383 933 pron.
1405 833 1523 908 habeat
1546 833 1711 933 ponderis,
1736 859 1794 931 per
1816 860 1854 906 se
1876 850 1975 933 patet.
2006 882 2051 892 —

283 948 385 1020 Porro
412 948 453 1019 cl.
478 944 557 1017 Oli.
583 943 670 1013 248:
694 939 906 1034 κατεύχομαι
931 935 974 1008 δὲ
1000 933 1073 1008 τὸν
1098 935 1478 1029 δεδρακότ’-κακὸν
1503 942 1624 1017 κακῶς
1646 959 1709 1006 νιν
1735 933 1870 1028 ἄρορον
1896 935 2055 1039 ἐκτρῖψαι

280 1047 368 1146 βίον,
399 1048 442 1119 de
473 1069 538 1142 quo
571 1042 643 1114 loco
672 1042 843 1114 commode
875 1039 1024 1136 exposuit
1055 1041 1248 1111 Schneidetn.
1282 1041 1331 1112 61.
1357 1043 1450 1113 Pura.
1474 1040 1516 1113 ad
1543 1040 1616 1110 Eur.
1642 1037 1720 1110 llec.
1745 1038 1847 1136 praei.
1874 1067 1906 1138 p.
1931 1039 1997 1114 llll.
2023 1061 2056 1118 et

283 1149 362 1223 Oli.
384 1149 458 1221 270
481 1172 531 1244 sq.
556 1149 664 1217 Herm.
688 1145 730 1216 ad
752 1146 863 1216 Elmsl.
889 1141 972 1215 Med.
999 1166 1030 1237 p.
1057 1140 1139 1213 399.
1167 1144 1341 1213 Wtzscltel.
1367 1157 1398 1213 et
1424 1146 1530 1214 Klots.
1556 1137 1837 1213 sallectano.
1865 1146 1985 1217 Buttm.
2011 1148 2055 1219 ad

282 1251 317 1325 S.
340 1250 396 1321 l'lr.
421 1249 505 1339 766,
528 1248 633 1346 deque
658 1245 841 1319 Latinorum
863 1245 1059 1343 scriptorum
1083 1242 1178 1315 simili
1205 1242 1357 1341 loquendi
1382 1245 1617 1317 consuetudine
1643 1242 1711 1316 Cic.
1731 1241 1789 1340 Ep.
1814 1244 1856 1318 ad
1879 1244 1941 1333 Qu.
1966 1246 1999 1318 F.
2019 1249 2056 1341 ll,

284 1357 319 1440 4,
340 1355 370 1421 1.
392 1378 423 1449 p.
443 1348 520 1421 llur.
541 1356 572 1440 §.
594 1350 651 1422 29.
679 1375 710 1446 p.
731 1347 799 1419 Clu.
820 1352 850 1435 S.
874 1350 931 1419 17.
969 1346 1072 1415 Kritz.
1092 1345 1135 1417 ad
1158 1344 1235 1417 Sall.
1255 1347 1322 1418 Cat.
1345 1345 1405 1435 37,
1428 1349 1462 1418 4.
1500 1349 1609 1419 Helm.
1629 1346 1671 1418 ad
1694 1343 1760 1416 Cic.
1781 1345 1813 1446 p.
1834 1350 1919 1419 Sest.
1939 1353 1971 1437 8.
1992 1352 2051 1425 59.

285 1482 317 1552 p.
341 1455 421 1525 184.
445 1455 583 1524 Jordan.
603 1452 644 1522 ad
668 1450 734 1523 Cic.
756 1475 787 1546 p.
808 1451 903 1521 Caec.
924 1448 983 1536 25,
1007 1446 1066 1519 73.
1087 1473 1118 1545 p.
1140 1447 1224 1521 253.
1248 1451 1372 1520 Kueln.
1392 1448 1434 1520 ad
1453 1448 1550 1521 Tusc.
1571 1448 1619 1537 lll,
1641 1451 1677 1538 8,
1702 1447 1758 1519 18.
1785 1451 1880 1547 Seyff.
1900 1449 1942 1521 ad
1965 1448 2052 1526 Lael.

287 1583 319 1653 p.
343 1555 421 1627 125.
451 1598 495 1608 -
531 1555 641 1626 ldem
669 1577 745 1624 vero
772 1576 949 1649 pronomen
977 1548 1123 1620 iteratum
1151 1549 1268 1647 legitur
1293 1548 1347 1621 l'r.
1373 1552 1462 1624 218:
1494 1549 1567 1622 ἰδού
1590 1551 1637 1644 μ’,
1664 1548 1899 1645 άναταράσσει
1925 1551 2005 1626 εὐοῖ
2019 1556 2055 1647 μ’

283 1656 451 1745 detrude,
482 1672 516 1729 et
541 1655 619 1728 0.C.
647 1656 761 1728 1278:
793 1657 846 1734 ὡς
865 1655 917 1749 μή
940 1654 975 1744 μ’
1002 1647 1132 1742 ἄτιμον,
1165 1654 1225 1723 τοῦ
1251 1654 1338 1724 θεοῦ
1363 1676 1405 1744 χε
1431 1654 1639 1750 προστάτην,
1665 1649 1781 1736 οὕτως
1803 1653 1878 1749 ἀφῇ
1900 1678 1967 1746 με.
2008 1657 2052 1729 lb.

287 1760 400 1831 1407:
430 1756 565 1853 μήτοι
581 1780 640 1847 με,
673 1794 689 1810 -
710 1758 763 1851 μή
791 1756 827 1847 μ’
857 1755 1058 1851 ἀτιμάσητε,
1091 1777 1175 1851 quae
1206 1755 1354 1851 repetitio
1388 1755 1431 1826 uti
1463 1756 1665 1828 manifestum
1697 1756 1847 1829 commoti
1879 1757 1976 1829 animi
2008 1760 2054 1830 si·

282 1885 380 1958 gnum
411 1874 462 1931 est
493 1860 551 1951 (ci.
577 1859 677 1930 Plaut.
705 1858 774 1931 Aul.
800 1857 847 1947 111,
873 1860 908 1947 6,
936 1858 1023 1947 tn),
1057 1856 1106 1928 sic
1134 1855 1191 1926 l‘h.
1217 1856 1310 1928 349:
1340 1853 1383 1928 od
1410 1855 1517 1928 πολὺν
1536 1857 1665 1953 χρόνον
1692 1855 1728 1948 μ’
1754 1856 1905 1953 ἐπέσχον
1926 1860 1977 1956 μή
2001 1884 2055 1953 με

281 1962 477 2033 ναυστολεῖν
499 1963 585 2055 ταχύ
608 1975 857 2034 consentaneam
880 1973 1017 2058 apparet
1038 1983 1110 2030 eam
1133 1982 1209 2030 esse
1232 1958 1382 2052 expedito
1406 1959 1599 2031 narrationis
1623 1959 1756 2048 flumini,
1773 1986 1858 2059 quae
1877 1959 1962 2035 solet
1978 1988 2055 2035 esse

285 2064 472 2148 verbosior3
497 2065 537 2134 cl.
558 2064 612 2136 Tr.
636 2065 756 2155 1197,
782 2062 835 2134 ubi
858 2067 985 2155 σῶμα
1008 2056 1189 2152 τούμόν,
1213 2060 1301 2159 quod
1320 2060 1510 2158 praecessit,
1533 2061 1675 2135 iteratur.
1704 2062 1749 2135 lb.
1765 2062 1849 2137 688.
1874 2060 2056 2157 (κᾶδρων

283 2169 493 2256 τοιαῦτα).
522 2163 581 2239 rh.
607 2165 680 2241 265
706 2192 781 2264 sqq.
810 2160 1025 2261 (ἔρημον).
1052 2163 1125 2235 292
1159 2160 1478 2254 (πρδςτοῢτο).
1506 2162 1591 2251 03.
1618 2164 1826 2238 1270-76.
1853 2166 1992 2239 Ellendt.
2018 2165 2052 2240 L.

280 2266 318 2341 S.
338 2269 360 2340 l.
381 2294 412 2366 p.
434 2270 519 2341 481.
547 2271 672 2341 Nauck.
693 2269 766 2340 Eur.
786 2264 878 2340 Stud.
899 2267 921 2338 Ι.
941 2293 973 2365 p.
994 2266 1053 2339 98.
1089 2307 1140 2361 -,
1156 2262 1264 2337 Venio
1292 2289 1376 2338 nunc
1402 2265 1445 2338 ad
1471 2266 1661 2364 pronomina
1688 2268 2056 2360 demonstrativa,

281 2396 367 2467 quae
400 2369 599 2444 relativis
631 2370 829 2464 antegressis
861 2392 1090 2466 nonnunquam
1122 2365 1293 2457 adduntur,
1324 2381 1379 2440 aut
1411 2380 1445 2439 ut
1475 2365 1649 2440 efferantur
1679 2395 1730 2459 ea,
1760 2394 1845 2467 quae
1877 2371 2056 2465 signilicata

282 2486 367 2558 sunt,
404 2486 556 2571 tanquam
587 2474 787 2567 gravissima,
820 2485 876 2544 aut
901 2485 936 2544 ut
960 2493 1045 2569 quae
1071 2470 1153 2542 inter
1179 2494 1217 2541 se
1244 2468 1405 2541 contrariu
1431 2484 1516 2559 sunt,
1549 2469 1610 2543 sub
1636 2471 1828 2570 adspectum
1853 2471 1973 2545 clarius
1999 2498 2056 2547 ca·

283 2575 371 2646 dant.
400 2574 440 2646 cl.
462 2578 585 2670 Pfluplr.
605 2577 648 2648 ad
670 2575 744 2646 Eur.
764 2573 863 2646 Andr.
884 2574 968 2646 651.
995 2576 1120 2645 Κοιλα.
1141 2572 1183 2643 ad
1205 2568 1288 2643 Xen.
1308 2569 1403 2644 Mem.
1423 2571 1444 2642 l.
1465 2577 1496 2660 S.
1517 2573 1590 2660 24,
1615 2598 1655 2645 ac
1681 2575 1723 2646 de
1748 2571 1843 2645 simili
1872 2573 2056 2649 latinorum

283 2702 373 2750 more
400 2678 522 2750 Kueltn.
542 2679 586 2751 ad
610 2679 677 2751 Cic.
698 2676 794 2749 Tusc.
816 2674 867 2764 lV‚
887 2678 944 2764 14,
968 2676 1027 2748 32.
1053 2678 1176 2769 Zumpt.
1196 2673 1238 2746 ad
1261 2673 1328 2745 Cic.
1350 2700 1381 2771 p.
1401 2671 1480 2745 Mur.
1500 2679 1531 2763 ς.
1552 2675 1611 2748 31.
1632 2700 1664 2774 p.
1683 2677 1744 2750 58.
1786 2674 1818 2746 ln
1846 2677 1910 2750 hoc
1934 2703 2056 2776 genere

282 2791 335 2850 est
360 2777 413 2849 Tr.
441 2779 531 2851 137:
557 2779 582 2851 ἃ
607 2778 666 2851 nal
691 2778 733 2850 σὲ
758 2780 820 2850 τὰν
845 2774 1000 2852 ἄνασσαν
1027 2776 1152 2850 ἐλπίσιν
1176 2775 1269 2868 λέγω
1296 2776 1391 2847 τάδ’
1417 2773 1492 2848 αἰὲν
1516 2773 1635 2872 ἴσχειν,
1662 2778 1702 2850 cl.
1723 2781 1840 2850 Βιιιιλ.
1860 2777 1895 2852 S.
1916 2806 1948 2878 p.
1969 2782 2053 2854 278.

281 2879 355 2952 Εοτ.
391 2880 490 2952 Andr.
516 2883 609 2956 651:
644 2882 695 2979 ἣν
724 2886 817 2978 χρῆν
843 2880 876 2952 σ“
903 2877 1058 2951 ἐλαύνειν
1088 2878 1208 2976 τήνδ’
1238 2877 1329 2970 ὑπὲρ
1360 2876 1482 2951 Νείλου
1509 2881 1605 2974 poue
1632 2905 1709 2953 vero
1739 2905 1918 2975 pronomen
1951 2884 2055 2978 τήνδε

280 2996 368 3054 recte
392 2983 539 3054 videntur
563 2997 747 3079 corruptum
772 2982 902 3055 habere.
932 3025 976 3035 -
1006 2971 1118 3080 Neque
1141 2982 1281 3056 obscura
1306 2994 1356 3053 est
1381 2979 1536 3053 ubertatis
1561 2982 1643 3055 ratio
1668 2982 1724 3054 Ph.
1745 2982 1835 3058 315:
1861 2981 1924 3065 οἷς
1943 2983 2055 3076 Ὀλυμ·

283 3185 484 3259 dubitatione
516 3189 585 3261 iure
616 3201 735 3261 tutatus
767 3199 818 3261 est
844 3189 954 3258 Herm.
974 3187 1036 3286 Op.
1062 3187 1083 3258 l.
1109 3211 1140 3283 p.
1166 3188 1250 3258 224.
1274 3187 1316 3259 ad
1333 3184 1405 3283 vig.
1431 3210 1463 3280 p.
1487 3188 1586 3278 885,
1616 3209 1808 3282 quamquam
1835 3188 2055 3260 confusionem

284 3287 378 3360 istam
411 3289 545 3360 duarum
578 3289 773 3363 locutionum
803 3289 938 3384 repudio
969 3289 1100 3384 penitus
1130 3304 1227 3384 atque
1257 3313 1401 3362 aversor.
1443 3287 1555 3363 Solent
1585 3304 1692 3361 autern
1722 3304 1942 3378 exsecrantes,
1972 3314 2056 3384 quae

284 3391 386 3480 pestis
420 3391 480 3462 sibi
512 3394 680 3487 importata
712 3407 774 3483 est,
803 3391 940 3463 eandem
972 3406 1126 3485 exoptare
1157 3416 1196 3464 nc
1226 3393 1352 3486 precari
1384 3390 1470 3463 exitii
1501 3391 1703 3479 auctoribus3
1739 3392 1779 3463 cl.
1804 3391 1863 3464 Pir.
1888 3393 1977 3465 2⁷5:
2008 3389 2056 3463 οἷ’

285 3489 442 3574 αὐτοῖς
464 3494 568 3589 τύχοι.
592 3493 646 3565 Tr.
666 3495 751 3568 820.
771 3493 878 3570 1039.
899 3494 970 3566 Ant.
991 3494 1075 3567 927.
1094 3494 1169 3565 Ευι.
1188 3493 1267 3565 llec.
1289 3494 1397 3566 1276.
1417 3491 1484 3587 1ρ1ι.
1504 3494 1540 3565 A.
1561 3494 1645 3567 464.
1661 3493 1759 3594 Verg.
1779 3494 1859 3567 Aen.
1874 3493 1951 3583 Vlll‚
1969 3495 2053 3566 484.

291 3593 400 3664 Vecln.
421 3595 576 3679 llellenol.
598 3622 628 3690 p.
648 3596 722 3670 578
741 3621 790 3692 sq.
841 3595 974 3669 Accedit
1000 3596 1087 3690 quod
1115 3597 1177 3668 linc
1203 3596 1277 3690 ipso
1304 3594 1377 3667 loco
1404 3592 1523 3678 αὐτοῖς
1546 3596 1706 3669 contraria
1734 3596 1832 3669 habet
1858 3619 1941 3692 quae
1968 3597 2056 3667 inse·

284 3707 441 3785 quunturz
468 3698 629 3771 ἀντίποιν’
655 3696 754 3790 ἐμοῦ.
784 3741 827 3751 -

386 3795 418 3865 3.
454 3798 588 3873 Tertius
608 3800 699 3872 locus
725 3814 777 3873 est
802 3800 1131 3897 participiorum
1158 3801 1302 3874 eiusdem
1329 3800 1499 3898 potestatis
1516 3800 1625 3874 verbis
1651 3801 1748 3874 linitis
1774 3801 1984 3889 adiectorurm
2011 3801 2053 3873 de

285 3896 402 3990 quibus
434 3901 616 3992 prudenter,
648 3917 681 3975 ut
712 3901 807 3992 solet
832 3906 963 3975 loisel.
992 3904 1141 3999 exposuit
1170 3903 1212 3976 ad
1243 3903 1294 3974 Ai.
1315 3904 1400 3976 757.
1419 3917 1452 3977 et
1474 3901 1578 3977 Paral.
1599 3902 1634 3976 ll.
1659 3926 1690 3998 p.
1710 3903 1796 3979 552.
1824 3902 1977 3998 Bipartita
2004 3918 2054 3975 est

285 4013 389 4070 autem
426 3998 519 4072 liuius
554 4030 632 4077 usus
666 4005 758 4079 ratio.
799 4005 864 4078 Aut
896 4005 1005 4094 τοῖσι,
1024 4006 1111 4101 quod
1145 4005 1280 4078 maxime
1314 4003 1535 4105 pervulgatum
1569 4019 1629 4095 est,
1664 4005 1845 4101 participio,
1879 4029 1944 4101 quo
1977 4005 2055 4101 quid

286 4117 445 4195 ternpore,
481 4125 544 4196 quo
581 4105 663 4180 loco.
698 4132 827 4203 quaque
852 4107 1035 4180 conditione
1061 4107 1125 4194 fiat,
1160 4108 1372 4205 significatur,
1407 4120 1442 4178 ut
1474 4107 1513 4181 0.
1525 4109 1559 4181 C.
1588 4109 1680 4183 252:
1715 4107 1758 4181 od
1792 4107 1861 4202 γὰρ
1894 4105 1982 4190 ἴδοις
2012 4105 2056 4179 ἂν

286 4202 420 4295 ἁδρῶν,
445 4203 496 4274 ubi
517 4206 587 4278 vide
611 4211 738 4297 Wund..
756 4225 789 4282 et
805 4210 922 4282 Aesch.
945 4209 1004 4308 Ag.
1023 4209 1129 4284 1592.
1149 4209 1270 4305 Adesp.
1291 4209 1328 4280 ir.
1348 4209 1406 4299 16,
1423 4213 1457 4283 2.
1478 4213 1579 4282 Doed.
1600 4213 1695 4305 Spec.
1718 4211 1770 4283 ed.
1789 4210 1889 4307 Sopb.
1910 4235 1941 4305 p.
1960 4210 2056 4300 104,

291 4303 340 4375 rel
362 4305 444 4377 Plat.
458 4305 558 4405 ιΗίρρ.
579 4310 653 4380 min.
673 4334 705 4405 p.
727 4313 811 4384 371.
830 4309 884 4385 A:
905 4311 1017 4406 λέγων
1033 4310 1151 4404 -πρὸς
1165 4310 1223 4385 τὸν
1236 4310 1401 4383 Ὀδυσσέα
1418 4307 1500 4408 ἔφη,
1524 4312 1715 4406 quibuscum
1733 4311 1986 4408 comparaverim
2004 4312 2056 4385 Ai.

270 4405 406 4480 tuac:
438 4410 569 4480 τοιοῦδ’
595 4412 850 4504 ἁμαρτάνουσιν
881 4411 927 4484 ἐν
957 4414 1111 4507 λόχοις
1140 4411 1224 4512 ἔπη
1250 4456 1310 4501 -,
1337 4413 1387 4486 vel
1412 4413 1510 4486 libes.
1531 4414 1619 4487 940:
1653 4409 1785 4505 ἔδρασε
1814 4415 1964 4506 δράσας·
1997 4414 2058 4486 sed
2089 4482 2092 4487 .

286 4505 328 4576 de
355 4507 414 4580 hac
452 4535 488 4582 re
514 4511 578 4583 hoc
604 4511 674 4585 loco
700 4540 765 4586 non
791 4516 977 4610 disputo:·)
1003 4530 1057 4588 aut
1082 4539 1146 4611 quo
1172 4517 1269 4590 modo
1295 4515 1372 4610 quid
1399 4515 1565 4607 efficiatur,
1592 4537 1739 4611 quaeque
1765 4518 1941 4611 praecipua
1967 4516 2055 4587 verbi

375 4674 400 4734 ⁸)
428 4675 532 4730 idemini
551 4680 678 4735 hocloco
697 4699 798 4742 eorum,
820 4700 888 4752 quae
908 4683 975 4736 0ed.
988 4685 1017 4737 C.
1030 4686 1088 4736 ³07.
1102 4685 1236 4753 leguntur:
1259 4684 1332 4735 alere
1350 4683 1390 4735 xci
1406 4682 1544 4753 βραδὺς
1561 4680 1673 4742 εὕδει,
1695 4681 1780 4735 κλύον
1799 4701 1850 4736 σου
1868 4684 1944 4753 δεῦρ’
1962 4681 2055 4750 ἀφίξο-

291 4756 333 4789 τᾶι
352 4739 446 4810 ταχύς,
465 4763 532 4813 quae
551 4749 620 4801 haud
639 4753 747 4818 exiguas
766 4752 864 4804 liabent
881 4753 1056 4806 difficultates.
1087 4752 1141 4807 Nec
1159 4755 1221 4806 mihi
1241 4755 1266 4807 in
1285 4755 1373 4806 animo
1392 4763 1432 4807 est
1449 4753 1602 4814 detentere.
1619 4770 1686 4822 quae
1705 4753 1880 4822 desperarunt
1898 4756 2055 4820 interpretes
2149 4744 2155 4760 '

288 4809 342 4860 tere
367 4825 467 4862 omnes.
494 4814 614 4887 Plerique
638 4822 707 4871 enim
728 4816 860 4872 Brunclnii
882 4823 1059 4874 coniecturam
1083 4820 1212 4889 (ἕρπει)
1234 4823 1347 4889 amplexi
1371 4830 1440 4880 sunt,
1464 4837 1548 4891 quam
1566 4821 1787 4890 praecedentibus
1811 4821 1960 4875 confirmari
1983 4829 2056 4888 putat

287 4873 469 4957 Hermnnnur.
495 4880 555 4935 Mihi
580 4902 658 4941 secus
680 4888 791 4940 ridetur.
823 4887 891 4941 Nihil
916 4888 1058 4942 admodum
1084 4894 1153 4943 enim
1180 4908 1210 4944 ee
1234 4894 1379 4948 continent,
1404 4909 1456 4961 qun
1483 4889 1562 4943 eundi
1585 4891 1693 4943 tarditas
1715 4893 1798 4960 possit
1822 4890 1955 4959 explicari.
1979 4891 2054 4942 cuiue

289 4953 386 4997 ‘mitt'
404 4953 464 5014 ⁸9¹³
483 4958 562 5007 esset,
587 4963 614 5005 ot
633 4955 738 5024 quidem
758 4972 808 5023 ego
826 4960 920 5017 sentio,
942 4959 964 5010 si
984 4957 1086 5012 breve
1105 4962 1162 5017 iter.
1186 4976 1238 5013 non
1257 4959 1392 5027 longum
1413 4959 1509 5012 chorus
1528 4958 1645 5011 dixisset.
1676 4958 1731 5011 lloc
1750 4976 1811 5011 vero
1830 4960 1869 5013 iis.
1894 4973 1961 5026 qnae
1980 4975 1996 5026 p

284 5013 389 5072 cedunt.
412 5014 531 5075 efficitur,
556 5028 582 5070 ut
601 5026 718 5091 quamvis
737 5024 843 5093 longum
863 5029 911 5078 iter
929 5028 971 5085 sit.
990 5027 1023 5078 ita
1043 5034 1068 5077 ut
1090 5027 1161 5079 breui
1181 5027 1286 5092 quidem
1306 5035 1425 5095 tempore
1445 5029 1484 5079 rin
1503 5028 1615 5080 nuncius
1634 5027 1667 5080 de
1686 5025 1790 5096 Oedipo
1808 5027 1840 5077 ad
1860 5041 1949 5092 regem
1970 4974 2054 5094 peili:
