4674 5880
1055 340 1185 419 ,33

278 582 377 660 cinis
404 583 568 682 exiguus
594 579 832 679 gelidaeque
858 576 1001 650 iacebitis
1028 578 1195 652 umbrae.
1226 620 1271 631 —
1300 577 1402 649 Porro
1426 577 1488 649 vid.
1508 576 1561 650 Tr.
1584 579 1700 655 1207τ
1725 580 1855 676 φονέα
1881 579 2044 672 γενέσθαι

276 686 335 761 καὶ
356 685 613 778 παλαμναῖον
633 681 751 769 σέθεν,
780 680 831 752 ubi
854 679 988 753 alterum
1011 683 1146 774 additur,
1175 694 1208 752 ut
1231 693 1352 779 quanto
1375 705 1475 778 opere
1498 680 1725 774 perhorrescat
1748 678 1857 778 Hyllus
1882 683 2045 756 inlundurn

275 787 475 861 detestabilis
506 784 665 885 parricidii
697 784 827 877 crimen,
864 795 969 855 exstet
999 782 1173 856 luculenter
1203 794 1302 880 atquc
1334 783 1486 871 emineet3
1522 782 1562 854 cl.
1585 782 1661 854 Eur.
1687 783 1742 857 Or.
1767 784 1857 861 4062
1888 787 2045 878 συνδρῶν

276 889 380 983 αῖμα
405 887 464 962 καί
489 886 624 980 πατρὸς
645 885 789 983 φόνον,
820 885 860 958 cl.
879 886 989 957 Etrul.
1010 887 1054 957 ad
1076 887 1149 958 Eur.
1170 884 1287 957 Bucclr.
1311 885 1393 956 139.
1412 898 1445 956 et
1467 884 1558 956 Hom.
1579 883 1612 956 ll.
1634 887 1691 980 19,
1714 887 1797 959 214.
1817 886 1891 959 Eur.
1910 886 1956 959 El.
1977 888 2043 963 922

277 991 479 1086 ἐπέσφαξ’
506 987 608 1081 αῖμα
630 986 775 1084 μηλείου
800 986 939 1082 φόνου.
964 1031 1006 1042 -
1027 989 1099 1061 Ant.
1124 988 1215 1062 5372
1240 984 1299 1058 καί
1324 985 1585 1082 ξυμμετίσχω
1612 985 1671 1058 καὶ
1695 987 1812 1083 φέρω
1837 996 1902 1087 τῆς
1924 987 2043 1072 αἰτίας.

277 1096 349 1167 Ant.
369 1095 432 1166 41:
455 1090 489 1163 εί
503 1092 786 1186 ξυμπονήσεις
799 1086 858 1161 καί
874 1090 1122 1183 ξυνεργάσει
1138 1088 1270 1178 σκόπει,
1297 1088 1349 1160 ubi
1367 1089 1474 1188 priore
1493 1115 1521 1159 v.
1542 1093 1635 1161 labor
1651 1091 1827 1162 cummunis
1845 1092 2045 1185 describitur,

276 1199 433 1268 αυδοιῖαι
459 1193 638 1266 οοωιοοαίο
664 1193 777 1264 altero.
823 1192 981 1290 Corrupta
1007 1206 1112 1264 autem
1139 1205 1222 1285 sunt,
1253 1216 1338 1290 quaa
1364 1191 1546 1263 lamentanti
1573 1190 1700 1291 Oedipo
1725 1194 1843 1266 clrorus
1869 1196 2045 1292 respondet

276 1298 356 1372 0.ll.
379 1297 489 1369 132οι
519 1293 578 1365 καί
607 1294 729 1385 θαῦμά
758 1293 787 1386 γ’
812 1291 925 1382 οὐδέν,
959 1291 998 1365 ἐν
1029 1295 1184 1366 τοσοῖσδε
1213 1294 1365 1389 πήμασιν
1395 1293 1517 1364 διπλᾶ
1549 1317 1595 1364 σε
1624 1296 1795 1367 πενθεῖν
1824 1294 1893 1367 καί
1921 1296 2044 1368 διπλᾶ

276 1401 422 1494 φορεῖν
446 1396 563 1478 κακά.
604 1395 700 1482 Quod
725 1397 890 1468 Noueliur
915 1395 1065 1469 coniecit:
1096 1399 1240 1488 θροεῖν
1265 1396 1368 1484 κακά,
1400 1395 1473 1466 mibi
1499 1396 1675 1495 perplacet,
1706 1421 1766 1469 uec
1791 1399 1903 1492 minus,
1921 1398 2046 1470 ridetur

276 1500 456 1600 appositum
474 1524 564 1571 esse:
587 1500 758 1595 θρηνεῖν
774 1498 875 1569 κακά.
914 1497 1071 1571 Facillime
1090 1498 1173 1570 enim
1191 1510 1384 1570 commutata
1402 1511 1476 1569 sunt
1492 1501 1653 1592 φορεῖν,
1676 1501 1836 1590 θροεῖν,
1861 1501 2041 1597 θρηνεῖν.

276 1603 317 1675 cl'.
339 1605 453 1673 Wuod.
473 1602 515 1674 ad
536 1600 583 1672 El.
602 1601 687 1674 838.
725 1602 772 1672 οο
795 1601 955 1699 geminato
979 1614 1084 1674 autem
1107 1600 1209 1671 διπλᾶ
1231 1602 1271 1675 cl.
1293 1603 1401 1672 Herm.
1421 1600 1462 1672 nd
1486 1600 1558 1674 Eur.
1579 1599 1699 1673 Placen.
1722 1601 1829 1674 1367.
1849 1605 2043 1676 samono.

276 1705 318 1776 ad
340 1703 457 1776 dasch.
483 1704 545 1801 Ag.
569 1705 628 1776 42.
659 1744 704 1756 -
734 1702 855 1776 Usitata
881 1717 932 1777 est
957 1705 1054 1804 porro
1082 1703 1211 1775 ubertas
1238 1702 1389 1775 orationis
1416 1703 1446 1774 in
1469 1705 1677 1797 percipiendi,
1707 1708 1834 1793 eraudi,
1864 1707 2045 1800 imperandi
2115 1724 2118 1733 ·

275 1805 515 1904 significatione,
539 1807 580 1877 cl.
600 1808 723 1877 Dicaea.
743 1798 894 1878 ad'llem.
915 1807 957 1877 dc
974 1832 1042 1879 cor.
1062 1833 1094 1905 p.
1112 1807 1195 1878 187.
1215 1808 1314 1877 ceto.
1334 1806 1376 1877 ad
1397 1806 1487 1876 Dem.
1507 1804 1549 1877 X.
1568 1811 1600 1893 S.
1616 1809 1651 1877 7.
1671 1805 1752 1877 llinc
1769 1806 1818 1878 lli.
1839 1807 1900 1880 16:
1923 1805 2043 1879 ἀκούω

273 1905 332 1978 καί
361 1906 569 2000 ξυναρπάζω
598 1905 704 2002 φρενί
728 1908 839 1998 (audin
866 1922 899 1981 et
923 1908 1067 2008 percipio
1093 1911 1226 1997 mente).
1256 1907 1306 1980 Fr.
1332 1907 1422 1980 627:
1451 1905 1560 1978 πολλὰ
1591 1904 1650 1978 καί
1676 1906 1803 1999 μαθεῖν
1833 1933 1876 1979 σε
1904 1906 2045 1981 δεῖκαὶ

273 2008 365 2080 πόλλ’
392 2008 538 2081 ἀκοῦσαι
562 2006 622 2080 καί
646 2009 872 2082 διδάσκεσθαι
894 2013 1026 2104 μακρά.
1054 2010 1133 2083 0.(1.
1161 2010 1274 2081 1334ι
1301 2008 1385 2082 atro
1412 2008 1577 2081 πιθέσθαι
1592 2005 1660 2080 ’καὶ
1685 2014 1921 2102 παρεικαθεῖν,
1948 2033 2044 2110 quam

273 2111 401 2210 copiam
429 2112 607 2204 verborum,
638 2111 764 2184 duobus
790 2114 1058 2212 praecedentibus
1085 2112 1273 2205 nominibus,
1304 2113 1376 2211 ipsa
1401 2110 1618 2184 orationis
1645 2112 1893 2211 aequalitas
1920 2114 2044 2185 ridetur
2157 2153 2160 2160 ,

273 2213 449 2312 postulare,
491 2239 552 2286 uae
569 2213 638 2286 aliis
656 2239 786 2313 qunque
805 2215 885 2289 locis
903 2216 1056 2289 ubertatis
1073 2240 1172 2316 causa
1192 2239 1419 2314 nunnunquam
1437 2212 1502 2307 luit,
1520 2226 1554 2285 ut
1566 2213 1645 2286 0.C.
1661 2216 1745 2288 448.
1768 2255 1813 2269 -
1833 2213 1914 2288 0.R.
1932 2216 2044 2288 1446:

272 2313 332 2385 καί
360 2314 448 2409 σοίγ’
467 2240 670 2412 ἓπισκήπτω
701 2339 743 2409 γε
771 2315 829 2388 καί
858 2316 1142 2418 προστρέῴομαι·
1175 2329 1326 2415 precatur
1356 2316 1438 2389 enim
1470 2316 1614 2414 Oedipus
1645 2328 1678 2387 et
1706 2341 1858 2416 supremo
1889 2319 1944 2389 dat
1973 2331 2043 2389 tan·

273 2443 369 2515 quam
400 2417 541 2491 moriens
573 2418 739 2507 mandata;
770 2421 810 2492 ct.
839 2421 888 2495 ai.
916 2421 990 2495 566
1020 2446 1072 2519 sq.
1110 2461 1155 2473 -
1192 2419 1263 2491 Non
1294 2419 1397 2492 minus
1429 2419 1458 2490 in
1491 2421 1672 2512 opitulandi
1702 2419 1809 2492 verbis
1839 2419 2042 2518 amplificatio

274 2519 390 2592 usitata
421 2534 482 2614 est,
512 2534 547 2592 ut
578 2520 635 2591 Pb.
660 2523 751 2594 871:
776 2523 932 2616 παρόντα
963 2521 1023 2596 καί
1051 2521 1313 2617 ξυνωφελοῢντά
1339 2544 1410 2612 μοι.
1439 2520 1478 2592 cl.
1504 2520 1561 2592 Pb.
1584 2521 1691 2595 1405.
1715 2522 1788 2593 Ευτ.
1813 2519 1860 2593 El.
1886 2522 1970 2595 245.
1994 2563 2039 2574 -

273 2621 381 2720 Pergo
412 2622 474 2695 iam
505 2625 546 2694 ad
578 2622 856 2722 amplificationem
887 2626 1048 2725 quandam
1075 2624 1244 2696 verborum
1274 2625 1378 2696 tritam
1409 2623 1493 2694 illam
1526 2623 1655 2720 quidem
1685 2624 1929 2723 propemodum,
1959 2649 2043 2723 quae

272 2748 349 2796 esse
383 2725 466 2798 solet
497 2726 529 2796 in
563 2728 867 2801 commemoratione
901 2753 1023 2822 eorum,
1059 2725 1175 2824 quibus
1209 2728 1344 2799 omnis
1381 2725 1571 2822 dignitas
1605 2725 1728 2823 regia
1762 2751 1810 2798 ac
1845 2727 2043 2825 potentia

168 2903 173 2917 ,
273 2826 462 2900 contuetur.
508 2826 602 2899 Velut
635 2825 713 2900 0.C.
751 2829 840 2903 425:
880 2827 922 2912 ὃς
958 2833 1015 2902 νῦν
1052 2836 1259 2926 σκῆπτρα
1297 2826 1356 2899 καί
1392 2826 1594 2918 θρόνους
1630 2823 1714 2922 ἔχει.
1754 2829 1843 2902 448:
1883 2826 2042 2925 είλέσθην

273 2927 455 3020 θρόνους
478 2927 536 3001 καί
560 2937 750 3026 σκῆπτρα
775 2930 960 3023 κραίνειν
985 2929 1043 3003 καί
1068 2930 1347 3022 τυραννεύειν.
1376 2931 1415 3001 cl.
1446 2929 1562 3001 Aesch.
1590 2931 1650 3026 dg.
1676 2931 1738 3002 43:
1763 2930 1958 3023 διθρόνου
1983 2927 2042 3001 καί

273 3032 532 3127 δισκήπτρου
555 3039 662 3129 τιμῆς.
683 3033 761 3106 0.C.
780 3035 892 3108 13542
908 3032 951 3115 ύς
964 3035 1011 3127 γ’,
1035 3033 1234 3120 ὦκάκιστε,
1258 3039 1447 3154 σκήπτρα
1469 3029 1529 3103 καί
1551 3032 1733 3124 θρόνους
1752 3028 1853 3126 ἔχων.
1876 3025 2041 3131 'legitima

273 3146 379 3205 eutem
405 3135 495 3232 regia
521 3146 665 3233 potestas
691 3135 740 3208 bis
767 3136 975 3209 describitur:
1008 3135 1202 3209 0112371
1233 3134 1380 3255 ήςεγγω
1410 3134 1541 3231 κράτη
1574 3157 1613 3204 τε
1642 3132 1701 3204 καλ
1730 3135 1911 3226 θρόνους
1935 3133 2039 3225 νέμω.

273 3236 346 3307 Ant.
376 3237 466 3308 173:
499 3233 571 3329 ἐγὼ
607 3237 740 3334 κράτη
775 3239 821 3334 δή
855 3239 966 3310 πάντα
1000 3236 1059 3309 καί
1091 3237 1275 3328 θρόνους
1307 3259 1393 3331 εγω,
1428 3236 1467 3308 cl.
1496 3236 1658 3327 θρόνων
1688 3237 1819 3333 κράτη
1853 3237 1925 3308 Ant.
1957 3236 2038 3309 166.

272 3337 346 3408 Eur.
372 3338 489 3409 Bacch.
514 3338 579 3410 43:
609 3338 721 3432 γέρας
748 3363 787 3411 τε
816 3338 875 3412 καὶ
905 3338 1096 3432 τυραννίδα.
1146 3339 1195 3410 Νο
1226 3353 1319 3437 putes
1352 3352 1468 3432 autem,
1501 3339 1596 3410 etiam
1622 3340 1670 3409 ai.
1694 3339 1800 3410 1016.
1825 3363 1885 3436 pro
1911 3339 2041 3434 κράτη

273 3438 442 3522 θανόντος
464 3438 522 3512 καί
547 3439 703 3532 δόμους
727 3441 857 3535 νέμοιμι
882 3441 968 3523 σούς
991 3442 1193 3514 scribendum
1220 3466 1310 3513 esse:
1336 3438 1395 3512 καὶ
1419 3440 1600 3532 θρόνους
1622 3440 1753 3532 νέμοιμι
1778 3439 1872 3528 σούς,
1896 3439 2042 3513 consulto

274 3541 397 3614 videtur
428 3543 587 3614 Teucrum
626 3558 723 3641 poeta
762 3544 813 3616 illa
853 3545 981 3643 quidem
1020 3546 1127 3616 lacere
1167 3543 1417 3636 consociantem,
1456 3558 1489 3614 ut
1527 3543 1750 3614 iracundia
1784 3542 1965 3615 'l'elamonis
2002 3568 2042 3615 ac

273 3642 498 3739 malignitas
525 3645 734 3739 describatur,
765 3648 818 3745 qui
850 3668 914 3718 non
947 3660 1011 3719 tam
1042 3646 1226 3717 honorum
1259 3658 1295 3716 et
1326 3645 1533 3742 dignitatis
1559 3645 1706 3739 studio,
1739 3669 1834 3743 quam
1860 3645 1982 3743 imperii
2009 3661 2041 3717 et

273 3745 434 3817 sordida
469 3747 605 3819 maxime
637 3774 748 3847 opum
780 3775 821 3821 ac
852 3748 1075 3820 divitiarum
1107 3748 1324 3846 cupiditate
1359 3748 1522 3830 incensum
1549 3748 1656 3819 Aiacis
1690 3747 1885 3847 proditorem
1920 3748 2042 3819 νόθον
2139 3746 2145 3759 ’

274 3845 435 3919 exstitisse
460 3851 598 3922 tortasse
623 3851 856 3923 existimaturus
879 3851 929 3923 sit.
951 3893 997 3904 —
1017 3851 1095 3923 ut.
1116 3850 1203 3921 373:
1229 3845 1302 3941 ἔρις
1324 3849 1416 3945 κακή
1438 3849 1573 3946 ἀρχῆς
1591 3849 1763 3947 λαβέσθαι
1784 3846 1843 3919 καί
1864 3851 2044 3941 κράτους

273 3954 485 4042 τυραννικοῦ,
508 3951 539 4023 lr.
559 3978 588 4024 e.
613 3956 769 4025 eontentio
794 3958 833 4024 de
853 3956 979 4047 imperii
1001 3980 1040 4025 uc
1057 3955 1219 4046 potentine
1242 3956 1456 4046 occupatione.
1498 3951 1641 4050 Denique
1663 3953 1705 4024 de
1724 3951 1796 4023 Ant.
1813 3951 1881 4022 60:
1904 3951 2042 4050 ψῆφον

272 4051 448 4143 τυράννων
473 4053 497 4149 ή
523 4057 654 4152 κράτη
680 4054 868 4147 παρέξιμεν
892 4056 1066 4154 prudenter
1088 4055 1154 4153 egit
1176 4057 1301 4125 Bonita.
1327 4055 1423 4125 Beitr.
1444 4052 1477 4123 ll.
1502 4081 1534 4151 p.
1556 4054 1614 4125 23.
1643 4097 1687 4106 -
1717 4053 1851 4150 Propria
1875 4067 1925 4125 est
1947 4054 2042 4126 etiem

274 4151 470 4225 Graecorum
494 4159 693 4230 consuetudo
720 4157 751 4228 ic
774 4157 911 4256 propin
948 4157 1007 4229 uis
1033 4156 1231 4228 nominandis
1258 4150 1414 4255 loquendi
1431 4156 1604 4254 copiosius,
1631 4156 1718 4227 velut
1739 4156 1831 4227 llom.
1856 4156 1932 4228 iacit
1948 4155 1979 4227 ll.
2006 4158 2040 4250 6,

274 4257 362 4327 211:
387 4255 518 4352 ταύτης
537 4280 587 4329 τοι
609 4266 735 4356 γενεής
758 4283 795 4330 τε
817 4258 876 4330 καί
897 4184 1042 4351 abaco<
1062 4257 1208 4353 εὔχομαι
1232 4255 1326 4352 εἶναι,
1352 4260 1392 4330 cl.
1414 4257 1476 4330 Od.
1496 4259 1530 4349 8,
1553 4259 1638 4331 583.
1665 4257 1696 4329 ll.
1719 4258 1776 4349 19,
1802 4257 1900 4346 111.;
1928 4258 1959 4329 ΙΙ.
1982 4258 2040 4352 19,

275 4357 362 4429 293τ
389 4361 482 4451 τρεῖς
501 4381 540 4430 τε
561 4363 796 4457 κασιγνήτους,
824 4361 906 4442 τούς
925 4385 985 4452 μοι
1008 4362 1071 4452 μία
1097 4359 1231 4454 γείνατο
1253 4362 1381 4456 μήτηρ.
1412 4361 1445 4453 3,
1472 4360 1564 4432 238:
1590 4359 1881 4454 αὐτοκασιγνήτω,
1910 4362 1957 4430 τώ
1979 4386 2041 4453 μοι

271 4454 335 4548 μία
365 4461 499 4552 γείνατο
526 4463 655 4559 μήτηρ.
687 4466 744 4556 11,
780 4464 863 4536 257.
900 4464 956 4557 12,
989 4464 1080 4535 371:
1117 4462 1319 4559 κασίγνητος
1349 4462 1407 4533 καὶ
1440 4460 1603 4554 ὄπατρος,
1641 4462 1681 4534 cl.
1709 4461 1826 4534 dasch.
1855 4462 1945 4534 Eum.
1973 4464 2039 4535 89:

275 4557 557 4657 αὐτάδελφον
584 4563 691 4656 αἷμα
717 4563 775 4635 καὶ
800 4569 955 4636 κοινοῦ
983 4565 1122 4656 πατρός.
1173 4565 1282 4662 ltaque
1308 4590 1371 4635 non
1398 4564 1548 4635 miramur
1574 4562 1674 4664 Sopb.
1698 4565 1744 4636 El.
1767 4565 1831 4635 12:
1860 4563 1952 4656 πρός
1974 4571 2043 4661 σής

273 4661 468 4755 όμαίμου
495 4667 568 4738 καὶ
593 4669 874 4762 κασιγνήτης
892 4666 1011 4764 λαβὼν
1034 4669 1163 4763 ἤνεγκα
1185 4666 1383 4760 κάξέσωσα,
1410 4665 1694 4764 κάξεθρεψάμην.
1736 4667 1807 4740 Νοα
1831 4667 1933 4738 omnis
1956 4667 2038 4737 enim

274 4762 423 4856 ὅμαιμος
447 4779 496 4837 est
520 4771 717 4865 κασιγνήτη,
745 4769 784 4839 cl.
810 4771 898 4840 Euat.
924 4797 955 4866 p.
976 4772 1060 4861 410,
1088 4770 1146 4842 35.
1187 4770 1300 4868 Neque
1315 4783 1428 4840 tamen
1453 4769 1534 4840 baec
1558 4767 1680 4841 videtur
1702 4795 1764 4840 una
1788 4792 1863 4840 esse
1886 4768 2039 4866 copiosae

275 4867 427 4938 orationis
455 4874 636 4958 excusati03
674 4870 802 4943 multum
830 4871 913 4941 euim
941 4885 1057 4969 poetae
1085 4872 1225 4961 interest,
1260 4885 1293 4941 ut
1319 4871 1348 4942 in
1376 4872 1447 4969 ipso
1474 4869 1608 4969 prologo
1635 4871 1822 4969 tragoediae
1848 4870 2040 4942 audientium

274 4970 375 5068 gralia
399 4969 606 5067 conspicuam
629 4999 700 5045 eam
723 4970 818 5044 iaciat
843 4999 938 5070 quam
966 4972 1110 5065 maxime,
1138 4999 1221 5071 quae
1246 4973 1363 5072 primas
1388 4987 1496 5071 partes
1519 4988 1603 5070 agat,
1627 4973 1794 5046 Electram.
1835 4973 2040 5071 Quapropter

274 5073 304 5143 in
332 5071 484 5144 memoria
512 5073 580 5145 eius
607 5076 697 5172 quasi
726 5089 900 5147 morantem
927 5075 1000 5146 lacit
1027 5076 1262 5173 paedagogum,
1285 5075 1316 5146 id
1344 5077 1429 5175 quud
1456 5077 1566 5148 nescio
1593 5102 1632 5147 an
1660 5090 1832 5174 propterea
1858 5075 1952 5146 ctiam
1976 5076 2040 5172 liat,

1822 5211 1837 5259 5
