4674 5880
1036 274 1168 430 .-48

278 566 461 661 τελευτὴ
480 567 581 637 τοῦδε
601 561 748 656 τάνδρὸς
763 560 944 655 ὑστάτη,
967 586 1051 656 quae
1070 585 1142 630 eum
1162 575 1295 657 propter
1313 559 1487 630 inauditum
1502 557 1631 630 ‘seilicet
1649 557 1871 656 pleonasmum
1892 559 2043 627 Wunder.

277 668 406 740 Emeud.
436 669 466 740 in
494 668 609 740 l'raeb.
639 693 670 763 p.
698 666 768 736 158
795 688 845 760 sq.
874 663 905 733 in
933 663 1144 759 suspitionem
1173 675 1333 745 vocasset.
1361 661 1391 731 in
1413 661 1494 731 Anu.
1523 659 1601 756 pbil.
1631 674 1662 732 et
1688 660 1783 756 paed,
1808 657 1923 756 Suppl.
1948 656 2041 728 Xllll.

276 797 307 868 p.
336 771 420 842 289.
457 771 537 855 satis
572 769 647 839 mibi
683 766 792 837 videor
824 765 1020 836 defendisse.
1062 763 1132 835 Nou
1165 763 1424 836 commemorabo
1456 762 1571 834 similia
1605 762 1757 834 ubertatis
1787 760 1931 858 exemplu
1958 760 2044 857 apud
2121 766 2125 774 '

275 873 454 969 scriptores
479 872 608 944 Latinos
634 868 778 966 reperiri,
804 881 838 938 ut
863 870 976 938 ultime
1001 892 1086 937 neore
1112 867 1198 962 apud
1222 867 1297 937 llor.
1319 864 1387 937 Sat.
1408 865 1442 937 Ι..
1469 869 1504 941 7.
1533 865 1603 951 13,
1629 865 1670 935 de
1697 863 1814 962 quibus
1841 864 1868 932 si
1893 863 1970 933 tanti
1994 874 2045 933 est

275 975 317 1044 el.
345 979 443 1046 Beutl.
468 974 509 1046 ad
533 973 607 1042 llor.
630 971 687 1068 Ep.
708 971 754 1058 ll,
782 972 815 1056 2,
845 969 940 1056 173,
966 971 1105 1040 Schmid.
1130 968 1172 1039 ad
1194 968 1250 1066 Ep.
1272 968 1319 1039 ll..
1348 969 1380 1055 1,
1411 969 1479 1053 12,
1506 970 1605 1038 Βουλ.
1629 967 1671 1037 ad
1693 966 1751 1037 Ov.
1774 965 1846 1036 lllet.
1867 964 1926 1039 ΙΙΙ..
1950 964 2054 1085 137,

276 1103 294 1147 a
322 1104 388 1174 quo
414 1100 536 1172 genere
562 1073 680 1144 distant
701 1072 896 1166 aliquantum
920 1071 1019 1143 baec:
1045 1068 1080 1141 Si
1104 1069 1221 1167 quibus
1245 1095 1383 1167 unquam
1408 1087 1549 1140 exerente
1573 1069 1634 1139 iam
1657 1071 1729 1165 ipsa
1754 1069 1786 1137 in
1805 1084 1905 1137 morte
1928 1064 2044 1137 tulistis

276 1205 372 1276 opem
393 1180 524 1267 (Catuli.
545 1175 604 1260 76,
631 1178 716 1262 181,
742 1185 792 1245 et:
819 1171 874 1242 llis
894 1198 942 1255 se,
964 1173 1094 1270 quando
1119 1171 1226 1244 ultima
1251 1184 1400 1256 cernunt,
1423 1189 1564 1242 extreme
1587 1172 1648 1242 iam
1673 1171 1703 1240 in
1726 1187 1826 1241 morte
1850 1182 1964 1266 parant
1987 1168 2045 1237 de·

278 1281 410 1352 lendere
437 1277 509 1348 telis
534 1280 645 1369 [Verq.
666 1277 745 1348 den.
767 1276 814 1359 tl..
841 1277 955 1364 417).
983 1276 1012 1347 h.
1042 1302 1070 1346 e.
1099 1284 1132 1345 iu
1160 1274 1269 1346 ultimo
1296 1290 1329 1346 et
1354 1288 1496 1357 estreuro
1523 1275 1635 1343 mortis
1662 1273 1866 1357 discrimine3
1892 1269 1941 1341 vel
1963 1272 2043 1341 Eur.

278 1381 376 1452 Andr.
410 1382 519 1451 1081:
553 1376 714 1474 ἐσχάτοις
736 1376 828 1469 πρὸς
850 1375 1024 1468 τέρμασιν,
1056 1375 1106 1447 vel
1135 1380 1223 1450 Caes.
1254 1377 1284 1448 b.
1313 1404 1345 1473 g.
1374 1375 1425 1461 V..
1457 1377 1522 1447 26:
1554 1378 1680 1447 initium
1706 1373 1864 1471 repentini
1893 1372 2044 1443 tumultus

232 1574 237 1578 ι
278 1509 319 1553 ae
345 1481 530 1552 delectionis
563 1499 669 1552 ortum
694 1493 744 1551 est
775 1479 816 1550 ab
842 1479 1051 1576 Ambiorige..
1081 1487 1171 1551 duee.
1201 1485 1245 1551 ud
1270 1483 1347 1550 Her.
1376 1478 1410 1556 Ι..
1438 1478 1472 1555 9.
1506 1480 1569 1549 ld:
1601 1479 1629 1548 si
1657 1503 1720 1548 nou
1748 1475 1789 1548 ab
1815 1478 1926 1546 ultimo
1953 1477 2044 1546 initio

280 1600 424 1679 repetere
450 1582 611 1654 volemus:
637 1582 678 1653 de
705 1582 822 1679 quibus
849 1595 1067 1679 exposuerunt
1090 1585 1254 1675 Wopkens.
1281 1582 1380 1653 lectt.
1406 1579 1488 1651 Tull.
1518 1607 1549 1677 p.
1571 1581 1654 1652 357.
1683 1580 1734 1650 ed.
1760 1579 1797 1649 ll.
1826 1591 1858 1650 et
1880 1580 2043 1649 maeno.

279 1685 319 1755 ad
343 1683 405 1755 tiv.
425 1685 485 1756 37.
512 1685 572 1768 53,
598 1687 632 1754 8.
662 1685 696 1767 6,
725 1686 782 1773 12,
811 1686 867 1754 10.
909 1683 970 1769 Qui
989 1681 1163 1780 Sophoclis
1183 1709 1258 1756 vero
1278 1682 1375 1754 verba
1393 1681 1578 1778 diligentius
1597 1681 1794 1779 expenderit,
1818 1679 1911 1751 laeile
1929 1680 2045 1750 sentiet

279 1788 390 1857 iustam
418 1787 573 1857 ubertatis
600 1785 765 1858 rationem.
805 1784 1005 1856 Manifestum
1032 1800 1083 1857 est
1108 1787 1203 1873 enim,
1230 1784 1399 1856 Herculem
1425 1811 1487 1855 uon
1511 1787 1583 1855 sine
1605 1784 1782 1855 acerbitate
1804 1781 1969 1854 oraculum
1993 1807 2045 1852 re-

273 1884 415 1984 spicere,
442 1887 529 1983 quod
556 1886 596 1958 de
624 1886 767 1958 laborum
794 1888 878 1959 exitu
906 1886 979 1957 olim
1007 1889 1188 1984 acceperit:
1214 1901 1311 1984 atque
1337 1913 1432 1984 quem
1460 1888 1640 1983 speraverit
1665 1888 1864 1957 miseriorum
1888 1885 1955 1954 lore
1978 1885 2045 1953 exi·

275 2004 352 2077 tum,
384 1989 501 2060 exitum
527 1988 587 2059 sibi
617 1990 765 2061 evenisse
792 1991 836 2060 uit
861 2015 1052 2082 supremum,
1084 1992 1166 2061 vitae
1193 1990 1295 2087 ipsius
1322 1990 1456 2067 exiturus
1492 1989 1532 2059 el.
1561 2015 1589 2060 r.
1621 1990 1712 2059 1171
1744 2013 1815 2083 sqq.
1870 1987 2045 2057 infirmatur

275 2091 371 2187 igitur
398 2091 577 2163 sententiae
606 2092 747 2188 gravitas
780 2091 879 2163 inutili
908 2095 1039 2184 uirque
1069 2092 1167 2181 (dnn.
1197 2091 1251 2189 ph.
1281 2103 1313 2162 et
1340 2091 1435 2188 paed.
1464 2090 1534 2161 Vol.
1564 2092 1622 2161 61.
1653 2117 1684 2186 p.
1706 2092 1808 2176 246.)
1841 2089 2045 2159 coniectura:

274 2190 363 2287 αὕτη
390 2192 626 2275 κέλευθος.
656 2237 700 2244 -
730 2192 786 2265 lllo
813 2219 908 2290 quem
936 2219 1034 2291 supra
1062 2194 1125 2264 dixi
1153 2193 1225 2266 loco
1253 2194 1294 2265 de
1321 2192 1392 2264 Ant
1414 2195 1479 2263 24:
1504 2190 1582 2262 σὺν
1608 2192 1709 2286 δίκῃ
1734 2189 1888 2285 δικαίᾳ
1915 2215 2044 2287 quoque

274 2294 448 2390 disputavi.
471 2320 605 2389 eamque
630 2294 824 2367 locutionem
848 2309 881 2366 ut
904 2295 1063 2367 firmarem
1086 2295 1185 2367 attuli
1199 2295 1270 2367 Aut.
1290 2296 1382 2367 502:
1408 2293 1511 2376 κλέος
1530 2292 1785 2385 εὐκλεέστερον.
1828 2294 1905 2363 Plat.
1931 2290 2042 2389 Symp.

277 2423 308 2492 p.
335 2399 418 2468 208.
447 2397 503 2466 ll:
534 2397 642 2492 δόξης
665 2395 837 2478 εὐκλεοῦς.
850 2396 872 2459 ³)
903 2441 947 2449 —
981 2399 1013 2468 ln
1041 2398 1155 2469 eodem
1183 2423 1305 2494 genere
1337 2411 1397 2482 est
1430 2418 1621 2493 quamquam
1649 2396 1840 2467 adieetirum
1867 2409 1918 2466 est
1944 2419 2046 2490 oopu-

278 2496 385 2580 latum,
413 2498 461 2569 l'r.
483 2501 568 2589 726,
595 2500 636 2570 3:
662 2497 744 2569 οὔθ’
770 2499 863 2580 daed
886 2498 1015 2581 Τυδεὺς
1034 2498 1164 2593 ἀνδρὸς
1186 2498 1294 2590 αι’μα
1317 2497 1540 2593 σοχχενές
1559 2496 1701 2579 κτείνας,
1724 2499 1751 2567 si
1776 2510 1864 2568 reete
1888 2521 1924 2567 se
1948 2497 2044 2566 rerba

276 2600 405 2687 babent.
443 2625 483 2672 ae
517 2626 579 2672 non
613 2604 684 2699 pro'
708 2627 758 2685 eo,
798 2601 884 2697 quod
920 2627 1000 2672 sane
1031 2602 1187 2674 audacius
1223 2601 1410 2673 translatum
1446 2601 1578 2670 ridetur.
1617 2625 1689 2670 eum
1724 2599 1862 2670 κτείνειν
1896 2598 2048 2679 accedat.

277 2698 538 2773 nrt'dt’udrtlttn
565 2703 791 2801 corrigendum
818 2717 885 2774 est:
925 2701 1263 2775 111711ζό1111.
1293 2729 1322 2774 e.
1351 2702 1518 2793 ἀνδρὸς
1548 2700 1675 2792 ὄμμα.
1720 2744 1763 2753 -
1809 2701 1930 2774 Deinde
1965 2701 2044 2771 OC.

280 2806 393 2874 1012:
430 2803 646 2897 άρωχούς
674 2805 959 2899 ξυμμάχους,
998 2827 1080 2898 quae
1109 2805 1257 2902 leguntur
1283 2806 1377 2876 etiam
1413 2805 1509 2876 libes.
1539 2804 1622 2876 637.
1658 2805 1697 2874 el.
1727 2804 1805 2876 Oli.
1837 2803 1926 2875 135:
1961 2802 2046 2893 σύμ-

235 2912 242 2930 ’
272 2909 644 2998 μαχον-τιμωροῦντα.
681 2906 775 2977 Aduo
798 2907 870 2978 ilnt.
894 2909 988 2991 111,
1016 2907 1069 2976 ubi
1091 2907 1211 2978 eborus
1234 2907 1330 2978 dicit:
1356 2905 1482 2999 ἀρθείς
1506 2906 1698 2977 νεικέων
1723 2905 1766 2985 ἐξ
1788 2905 2046 2998 άμμιλάχων

276 3006 362 3086 ὀξέα
388 3007 531 3093 κλάζων,
564 3031 647 3102 quae
673 3008 814 3103 quidem
831 3035 893 3079 non
921 3009 1046 3106 integra
1073 3035 1149 3082 esse
1175 3009 1397 3105 antistrupbue
1424 3010 1545 3079 numeri
1573 3010 1805 3080 demonstrant.
1859 3007 1943 3092 Quid
1971 3032 2046 3076 vero

277 3161 392 3215 miretur.
412 3160 502 3211 matris
520 3160 674 3224 Antigonam
694 3161 854 3219 meminisse,
871 3176 903 3212 ac
921 3176 972 3211 non
993 3162 1088 3229 patris:
1107 3160 1140 3211 de
1160 3167 1241 3212 matre
1261 3160 1423 3227 potissimum
1443 3161 1569 3226 virginem
1589 3161 1667 3212 tiliam
1688 3160 1820 3211 reeordari
1840 3167 2046 3210 consentaneum

277 3236 326 3286 est,
349 3245 399 3279 neo
422 3230 479 3279 sine
502 3229 588 3295 aliqua
613 3228 755 3280 acerbitate
779 3245 836 3280 eam
861 3229 963 3280 videtur
987 3231 1132 3285 nominare.
1155 3229 1330 3297 quae·ipsius
1349 3229 1469 3281 Creontis
1494 3246 1571 3280 soror
1595 3238 1642 3280 est.
1679 3229 1715 3280 lte
1735 3228 1860 3296 particula
1880 3222 1912 3276 άν
1932 3219 2046 3294 denique

278 3297 396 3363 repetita.
416 3311 482 3363 quae
502 3297 562 3346 item
581 3295 697 3348 Naucltio
717 3296 859 3364 displicuit.
878 3313 930 3347 non
950 3313 1017 3365 opus
1036 3307 1076 3349 est
1094 3297 1237 3365 disputare,
1256 3299 1409 3363 praescribo
1429 3313 1488 3348 curra
1509 3299 1565 3364 ipse
1582 3296 1726 3348 lleineliius
1744 3297 1777 3346 ab
1797 3296 1866 3347 illius
1885 3295 2046 3346 dubitatione

278 3380 334 3414 eam
359 3371 469 3416 tueatur.
508 3363 562 3414 lloc
586 3364 666 3423 addo,
690 3364 729 3416 vel
752 3375 893 3433 propterea
917 3381 969 3416 non
989 3364 1070 3418 licere
1088 3382 1137 3416 suo
1156 3364 1214 3416 loeo
1233 3366 1293 3416 eiici
1311 3362 1441 3422 derdere,
1464 3365 1533 3434 «quod
1554 3381 1621 3433 quae
1640 3365 1673 3415 de
1691 3364 1777 3416 fratris
1797 3371 1879 3414 morte
1899 3364 2046 3430 mortuique

277 3433 411 3498 sepultura
430 3433 556 3497 Antigona
581 3431 653 3490 dicit,
680 3448 710 3483 ea
732 3435 871 3484 eoaiuneta
892 3439 983 3500 aperte
1001 3441 1061 3485 sunt
1080 3449 1139 3485 cum
1157 3432 1348 3501 superioribus,
1373 3434 1508 3496 ubisuam
1527 3449 1587 3485 sese
1607 3440 1715 3485 mortem
1735 3435 1841 3484 minime
1861 3435 2046 3499 pertimescere

278 3504 409 3552 assederat
428 3501 470 3552 illa
490 3501 647 3552 firmissime.
681 3501 755 3562 Quae
774 3517 822 3552 nos
840 3511 926 3552 autem
946 3500 1024 3552 hodie
1043 3502 1162 3568 legimus.
1181 3501 1273 3554 eadem
1293 3501 1353 3553 olim
1374 3503 1437 3567 legit
1455 3501 1570 3552 Eustath.
1590 3518 1616 3569 p.
1630 3503 1687 3559 5¹29.
1708 3501 1747 3552 18.
1766 3529 1799 3540 ω

363 3587 385 3643 ³t
412 3587 493 3638 linias
512 3587 562 3637 1ουί
582 3586 747 3638 diilicultates
765 3604 850 3655 neque
869 3588 902 3638 ab
921 3589 1107 3655 interpretibus
1127 3594 1219 3643 motas,
1238 3602 1322 3654 neque
1341 3603 1355 3637 a
1376 3583 1487 3637 Klotzio
1505 3587 1581 3648 tlon.
1600 3587 1643 3654 pb.
1663 3595 1688 3637 et
1706 3586 1783 3652 paed.
1801 3583 1857 3637 Vol.
1877 3587 1918 3636 et.
1938 3602 1962 3652 p.
1978 3586 2047 3643 159.)

279 3650 419 3718 dissipatas
437 3655 526 3706 dieere
546 3655 657 3706 ilabebat
678 3651 772 3707 Diller.
792 3656 825 3706 de
844 3671 974 3707 consensu
995 3657 1160 3713 notiou.,ete.
1180 3655 1235 3706 llis.
1258 3656 1328 3705 tutu.
1348 3672 1372 3722 p.
1392 3656 1432 3706 25.
1468 3654 1559 3706 llloteii
1584 3657 1652 3706 euim
1676 3657 1855 3723 interpretatio
1875 3655 1986 3705 violenta
2006 3663 2046 3706 est

278 3728 356 3786 atque
375 3723 510 3789 impedita:
529 3740 579 3774 nee
598 3722 742 3791 probabile.
761 3724 830 3792 quod
851 3724 936 3774 eidem
955 3724 1100 3781 ridebatur.
1114 3723 1252 3775 Creontem
1272 3723 1335 3774 nibil
1355 3723 1424 3774 aliud
1444 3723 1493 3774 nisi
1512 3739 1563 3774 non
1583 3739 1747 3790 repugnasse
1761 3721 1858 3774 Eteoaii
1877 3723 2038 3791 sepulturae:

279 3788 311 3837 ct.
329 3789 385 3838 Ant.
407 3792 451 3840 roa
470 3808 528 3859 sqq.
559 3791 700 3842 Consentio
719 3801 804 3844 autem
823 3792 907 3846 laeile.
926 3808 1012 3860 nequa
1031 3792 1113 3843 deleri
1134 3807 1235 3842 versum
1254 3792 1405 3842 alterutrum
1425 3807 1511 3860 neque
1530 3791 1641 3842 mutilari
1661 3807 1707 3842 eos
1726 3791 1832 3850 debere,
1851 3792 1876 3843 id
1896 3792 1965 3859 quod
1986 3791 2045 3859 pie·

279 3855 516 3991 ili⁸el¹¹¹l⁰⁸ail⁰i
533 3861 723 3979 ‘title-“td
740 3860 826 3979 itti
838 3856 1190 3994 llllllni‘llrlilllit
1205 3855 1591 3980 ⁸⁶s'tt·t..¹‘ttt“nlititl
1611 3859 1739 3980 'iiiiii
1756 3855 2044 3984 lt⁰ttt;.‘“¹'¹:·..tt'·

279 3992 349 4059 quod
375 3998 399 4042 et
422 3992 502 4042 torma
527 4004 552 4046 et
575 3964 769 4048 construetione
794 4004 818 4047 et
836 3965 971 4048 ⁹sententia
995 3966 1113 4048 vitiosum
1133 4004 1256 4063 apparet;
1281 4003 1370 4047 contra
1391 3995 1431 4052 ὡς
1447 3992 1556 4061 λέγουσι
1574 3944 1690 4063 inirpturn
1710 4013 1762 4047 non
1788 3943 1983 4053 videturliiblse,
2009 3964 2044 4046 uti

280 4068 367 4126 putant
387 4059 496 4111 liulster.
516 4073 540 4112 et
558 4065 723 4116 Schneidew.
759 4064 827 4128 Ouid
847 4067 917 4117 euim
936 4065 969 4116 de
989 4082 1027 4116 rr.
1046 4067 1069 4116 7.
1088 4066 1128 4114 27.
1148 4064 1188 4115 tt.
1208 4061 1376 4116 iaciendum?
1395 4064 1494 4114 Deinde
1513 4064 1574 4132 quid
1594 4065 1714 4117 bominac
1733 4065 1766 4114 de
1785 4064 1907 4115 tratribus
1925 4066 2046 4120 sentient.

279 4130 422 4194 Antigonae
439 4127 545 4205 quidem
565 4134 627 4184 nibil
647 4134 763 4192 interest,
779 4140 805 4184 at
824 4149 855 4183 ne
875 4135 1028 4201 exprimitur
1047 4133 1152 4201 quidem
1172 4132 1252 4184 verbo
1271 4132 1314 4183 illo
1334 4133 1424 4200 populi
1442 4132 1577 4184 iudicium.
1603 4129 1684 4184 lmmo
1704 4133 1802 4184 reterre
1820 4133 1939 4184 homines
1956 4133 2046 4183 dieun-

280 4207 328 4251 tur.
353 4204 378 4246 et
402 4196 462 4263 quid
488 4195 632 4250 decreverit
651 4200 746 4257 Creon.
771 4210 796 4252 et
821 4201 916 4268 quibus
943 4200 1086 4252 rationibus
1111 4201 1206 4251 duetus
1224 4201 1379 4252 decreverit.
1415 4199 1492 4264 Quod
1512 4202 1533 4251 si
1553 4216 1642 4252 rerum
1663 4208 1710 4253 est.
1730 4201 1808 4251 rerba
1827 4198 1883 4269 δίκῃ
1901 4198 1986 4267 δικαίᾳ
2003 4197 2045 4249 καλ

281 4262 354 4331 νόμῳ
373 4263 504 4341 Creontis¹
519 4267 631 4330 prodere
654 4271 769 4320 animum
792 4285 824 4320 ae
846 4272 1011 4325 sententiam.
1030 4270 1182 4334 Antigonam
1206 4270 1285 4319 nimia
1308 4269 1420 4337 quadarn
1443 4269 1512 4319 iliius
1531 4270 1613 4334 gratia
1631 4267 1730 4320 Eteocli
1750 4269 1910 4336 sepulturam
1930 4268 2046 4326 laudare.

282 4348 332 4383 non
351 4338 436 4400 potest
455 4332 514 4382 dier.
550 4330 619 4385 lusto
638 4345 723 4389 autem
744 4339 851 4395 maiore,
870 4340 891 4388 si
912 4354 970 4388 eum
991 4337 1113 4404 Polynice
1131 4337 1282 4391 contuleris.
1309 4337 1409 4388 bonore
1428 4337 1498 4388 illum
1519 4344 1638 4387 ornatum
1657 4336 1690 4386 ab
1709 4336 1822 4388 Creonte
1842 4336 1958 4387 iudicare
1977 4336 2045 4388 tnti-

282 4414 385 4461 gunam.
409 4400 561 4467 intelligitur
580 4401 605 4452 id
624 4404 645 4453 si
666 4400 816 4473 quaerimus
839 4421 853 4456 e
878 4407 957 4457 rerba
982 4404 1117 4469 προτίσας.
1153 4404 1226 4467 Quae
1245 4420 1303 4455 erim
1323 4407 1356 4455 ita
1375 4407 1435 4461 sint.
1459 4403 1522 4456 nihil
1541 4405 1659 4472 prolecto
1679 4403 1842 4472 relinquitur.
1866 4405 1914 4453 nisi
1936 4413 1963 4455 ut
1976 4421 2047 4472 χρη-

279 4465 356 4523 σῦείς
377 4468 538 4546 emendetur.
573 4469 649 4532 Quod
676 4488 736 4524 rere
754 4470 859 4526 Nauck.
883 4475 958 4537 (dno.
977 4472 1040 4540 phil.
1059 4470 1115 4525 Vel.
1134 4473 1174 4524 65.
1195 4489 1219 4541 p.
1238 4473 1317 4530 2391,
1342 4473 1423 4524 schol.
1446 4473 1542 4532 verbis,
1567 4475 1603 4523 uti
1626 4472 1735 4531 ridetur,
1754 4471 1875 4523 inductus
1895 4475 2045 4540 proposuit:

279 4534 406 4615 κρίσει,
426 4538 450 4587 rd
470 4553 528 4588 eum
548 4540 694 4591 consociari
713 4541 815 4594 soleant
834 4540 861 4592 di
908 4539 950 4591 καί
970 4538 1055 4602 νόμος
1072 4541 1117 4606 (el.
1136 4541 1195 4592 Eur.
1214 4540 1281 4592 liled.
1293 4541 1352 4592 5³7.
1371 4540 1429 4592 Tro.
1448 4541 1506 4592 est.
1527 4537 1640 4591 Lobeclt.
1661 4540 1787 4608 Paralaep.
1800 4540 1878 4604 536),
1897 4543 2046 4608 importune

282 4610 460 4669 interpositum
480 4621 532 4657 non
552 4622 659 4673 possum
679 4623 731 4659 non
750 4609 853 4669 dieere;
891 4610 967 4662 einde
986 4609 1076 4661 dubito
1096 4626 1157 4660 num
1176 4618 1264 4675 aptum
1283 4611 1324 4668 sit,
1343 4608 1426 4675 κρίσιν
1446 4610 1516 4660 iilam
1536 4609 1615 4660 verbo
1634 4610 1712 4659 nimis
1730 4609 1892 4676 praedicare.
1919 4609 1973 4662 Nee
1987 4627 2046 4678 pro·

281 4670 382 4749 babilas
405 4681 464 4723 sunt
489 4681 592 4725 ceterae
617 4691 683 4743 quae
708 4677 825 4743 prolatae
848 4686 906 4729 sunt
931 4679 1108 4730 coniecturae.
1132 4677 1164 4728 de
1184 4677 1278 4746 quibus
1298 4677 1411 4729 breviter
1428 4678 1475 4729 sed
1496 4679 1538 4735 ita,
1563 4684 1590 4728 ut
1607 4678 1804 4729 assentiendum
1824 4680 1847 4729 ei
1867 4679 1891 4729 in
1912 4679 2045 4747 plerisque

280 4747 321 4793 sit.
348 4739 486 4804 disputarit
508 4740 613 4793 doniis.
634 4743 709 4795 Beitr.
729 4760 750 4796 a.
768 4745 838 4798 Erld.
857 4747 904 4798 des
923 4746 1003 4813 Soph.
1022 4743 1052 4797 ll.
1075 4764 1100 4815 p.
1120 4745 1153 4796 60
1170 4762 1209 4813 sq.
1245 4744 1321 4808 Quod
1341 4745 1490 4797 dubitanter
1508 4746 1646 4811 proposuit
1663 4761 1748 4813 nuper
1766 4742 1881 4799 Meinelt.
1901 4747 1916 4797 Ι.
1936 4748 1951 4797 l.
1977 4764 2001 4814 p.
2021 4748 2047 4798 3.

281 4805 456 4866 πεισθείς,
481 4811 548 4861 idem
569 4811 618 4862 iam
640 4812 741 4878 pridem
761 4815 857 4865 invenit
878 4810 1074 4881 Henneberqer.
1093 4814 1139 4872 (de
1159 4821 1272 4879 corrupt.
1292 4814 1388 4882 aliquot
1409 4815 1472 4866 loeis
1492 4813 1572 4882 Sopb.
1593 4813 1714 4880 lleining.
1736 4813 1808 4867 tete.
1828 4832 1852 4880 p.
1867 4816 1925 4876 ta).
1961 4816 2046 4866 111ιοί-

281 4875 362 4927 rabile
382 4889 441 4926 vero
461 4878 529 4954 quod
549 4882 703 4945 excogitavit
721 4898 805 4950 nuper
823 4879 1032 4949 Furtroaenqlrr
1050 4882 1128 4945 (eunt.
1144 4877 1195 4933 llll.
1215 4898 1240 4948 p.
1254 4883 1337 4933 7110.’;
1356 4878 1519 4931 σύνδικον
1536 4884 1705 4950 χρηστοῖς
1721 4880 1794 4950 δίκῃ
1813 4881 1918 4930 τεκαὶ
1938 4878 1975 4929 νά
1981 4900 2045 4948 μῳ,

280 4943 349 5012 quod
374 4952 591 5024 quamnrneptum
617 4950 659 5006 sit,
682 4952 813 5002 neminem
837 4953 932 5019 opinor
954 4951 1042 5017 lugiet.
1077 4949 1138 5000 lrlihi
1161 4965 1194 5000 ne
1219 4966 1288 5000 nune
1309 4951 1413 5019 quidem
1434 4950 1556 5019 displicet
1574 4950 1722 5001 emendatio
1742 4951 1792 5006 ilia.
1817 4965 1893 5016 quam
1914 4949 1929 4998 l.
1949 4948 1964 4999 Ι.
1983 4950 2045 5000 olim

281 5028 419 5091 {troposurt
439 5027 486 5091 σνν
506 5009 561 5094 δξκχ
576 5018 751 5085 χρηστοῖς
768 5016 852 5086 δικαίᾳ
869 5013 920 5068 κτλ.
940 5019 955 5069 i.
979 5034 1001 5070 e.
1020 5021 1075 5069 iure
1096 5017 1171 5069 bonis
1190 5025 1381 5077 consentaneam
1399 5019 1432 5070 ci.
1449 5019 1502 5070 tint.
1517 5020 1573 5069 197.
1593 5027 1617 5070 et
1636 5019 1699 5078 52ος
1718 5015 1773 5085 disp
1794 5015 1880 5066 δικαία
1893 5018 1971 5084 igitur
1985 5035 2046 5070 eon-

280 5089 358 5132 trarra
377 5088 416 5133 est
434 5078 492 5147 drap
511 5078 599 5149 αδιιῳ.
619 5101 695 5152 quam
716 5086 801 5140 Creon
821 5088 915 5145 statuit,
934 5088 955 5138 si
975 5089 1034 5154 quis
1053 5086 1213 5137 burriandum
1233 5085 1334 5138 duxerit
1353 5086 1510 5153 polynicem.
1529 5114 1561 5121 --
