4674 5880
1233 296 1281 371 24

1127 400 1278 409 -----
1288 400 1410 410 --.....a

367 535 426 607 llic
458 535 544 608 anim
576 536 766 634 proposuit:
801 539 924 606 κοινῶν
960 557 998 606 τε
1032 531 1168 607 παίδων
1198 534 1359 628 κύματ’
1393 531 1426 606 εί
1455 532 1539 620 κτλ.;
1572 532 1625 608 ille
1657 559 1754 612 vero:
1787 546 1911 612 κοινῶν
1940 535 1992 614 δὲ
2024 545 2159 617 παίδων

365 637 572 728 σώματα,
606 663 690 734 quaa
724 651 831 709 umen
866 637 1113 710 circumlocutio
1141 664 1183 710 ne
1209 653 1285 735 apta
1312 637 1443 735 quidem
1469 637 1533 709 boc
1561 637 1634 709 loco
1663 665 1739 712 essa
1765 641 1901 735 videtur,
1933 646 1974 718 ci.
1997 650 2111 719 ιλιαδ.
2132 652 2159 718 Ι.

363 765 397 833 p.
426 742 487 811 22.
528 739 686 835 Equidem
706 739 929 836 scripserim:

901 840 976 912 καί
1003 848 1064 936 νςδ
1074 867 1091 912 ν
1117 866 1167 936 χε
1192 842 1327 913 παίδων
1353 840 1437 914 κοίν’
1466 841 1509 912 ἂν
1534 844 1617 930 κτλ..
1892 916 1897 925 ,

367 943 455 1041 quod
482 942 592 1013 nascio
619 967 660 1013 an
689 943 760 1040 ipse
789 943 965 1015 scholiasta
994 942 1122 1041 legerit,
1157 968 1228 1016 oum
1257 944 1360 1018 dicat:
1395 943 1532 1039 ἀδελφὰ
1559 947 1631 1026 τοῖς
1655 944 1697 1027 ἐξ
1720 949 1832 1041 ἡμῶν·
1858 947 1931 1020 οἷον
1956 950 2031 1023 καί
2057 954 2160 1047 ἡμῖν

368 1043 410 1114 δν
437 1042 589 1136 ἐγένετο,
621 1042 655 1113 εἰ
679 1042 723 1139 ἢν
749 1042 852 1114 τέκνα
879 1050 932 1138 τῷ
958 1044 1055 1138 Λαίῳ
1083 1045 1264 1138 γενόμενα.
1300 1088 1345 1099 -
1381 1045 1446 1117 Sed
1474 1046 1575 1118 redeo
1602 1046 1644 1118 ad
1672 1046 1796 1143 reliqua
1824 1050 1919 1121 buius
1948 1055 2078 1147 generis
2105 1081 2162 1124 ex·

367 1144 494 1243 empla:
521 1145 569 1216 at.
592 1146 682 1219 467:
709 1146 894 1237 ξομπεσῶν
916 1147 1060 1236 μόνος
1078 1147 1257 1238 μόνοις,
1284 1172 1370 1244 quse
1397 1147 1564 1219 consociat
1592 1162 1685 1242 poeta
1713 1149 1755 1219 ad
1778 1149 1946 1224 audaciam
1970 1155 2161 1252 praedican-

366 1247 440 1318 dam
467 1247 611 1343 gravius.
638 1246 682 1319 uti
705 1272 735 1316 v.
759 1247 875 1320 1283:
895 1245 1062 1339 Ἕκτορος
1082 1246 1227 1339 μόνος
1246 1247 1401 1338 μόνον.
1421 1247 1456 1310 ¹⁴)
1497 1247 1616 1321 Verum
1641 1250 1718 1346 quid
1744 1248 1880 1346 plurium
1906 1252 2051 1326 locorum
2077 1281 2160 1353 opus

270 1412 276 1431 ,
367 1363 419 1421 est
444 1347 672 1444 explanatione
699 1347 730 1418 in
759 1372 859 1420 causa
887 1350 970 1420 satis
997 1349 1170 1447 perspicua
1197 1362 1231 1419 et
1257 1350 1448 1421 manifesta:
1483 1349 1591 1420 solant
1621 1350 1705 1420 enim
1739 1350 1882 1421 cuiusvis
1914 1357 2045 1449 generis
2079 1360 2162 1429 scri·

371 1462 483 1547 ptores
517 1451 607 1546 paria
636 1450 771 1546 paribus
795 1449 845 1521 sic
868 1451 1078 1547 coniungere,
1100 1450 1187 1522 velut
1204 1446 1288 1521 Xan.
1308 1450 1395 1521 Hier.
1416 1450 1451 1522 6.
1476 1451 1512 1523 1:
1540 1452 1642 1546 ξυνῆν
1665 1451 1862 1544 ἡλικιώταις
1883 1454 2057 1547 ἡδόμενος
2080 1460 2165 1552 ἡδο·

363 1551 493 1641 μένοις,
522 1574 583 1623 nse
611 1552 735 1646 sprevit
762 1554 909 1623 Sebiller.
939 1566 1051 1623 noster
1078 1553 1136 1642 (cl.
1156 1549 1277 1648 Spons.
1298 1550 1396 1623 Mass.
1414 1550 1451 1619 V.
1472 1577 1505 1647 p.
1527 1552 1649 1638 425.):
1676 1550 1746 1622 Und
1774 1577 1813 1623 su
1839 1554 1989 1625 erwucbs
2018 1557 2068 1627 icb
2095 1563 2161 1630 still

368 1677 421 1724 am
454 1654 558 1723 stillen
595 1654 682 1723 Orto.
725 1695 770 1704 -
812 1652 967 1748 Reliquos
1009 1653 1113 1743 locos,
1155 1653 1209 1749 qui
1249 1653 1333 1747 apud
1368 1649 1567 1749 Sophoclem
1609 1652 1768 1750 leguntur.
1808 1654 1958 1726 indicabo
1996 1655 2157 1733 breviter:

368 1752 415 1824 ΕΙ.
439 1755 555 1827 1142;
581 1753 800 1844 σμικρὸς-ἐν
823 1760 961 1848 σμικρῷ
982 1754 1086 1825 κύτει.
1121 1755 1194 1826 Ant.
1218 1755 1308 1826 142:
1335 1751 1401 1825 ἴσοι
1423 1751 1515 1845 πρδς
1533 1750 1638 1834 ἴσους.
1672 1754 1731 1825 Pb.
1751 1755 1846 1828 685:
1870 1752 1945 1837 ἴσος
1964 1753 2002 1825 ἔν
2024 1756 2052 1848 3²
2077 1757 2164 1843 ἴσοις

369 1854 472 1950 ἀνήρ.
517 1855 608 1928 135ε
642 1853 680 1925 ἐν
712 1854 795 1949 &eva
829 1855 937 1936 ξένον.
985 1856 1063 1928 01].
1092 1858 1182 1929 1843
1208 1855 1320 1936 ξεῖνος
1343 1852 1401 1926 ἐπὶ
1426 1852 1548 1950 ξείνης.
1590 1854 1670 1926 0.ll.
1696 1858 1788 1927 222:
1814 1855 1922 1937 ἀστὸς
1946 1855 1997 1938 εἰς
2021 1857 2157 1943 ἀστούς.

369 1956 417 2027 Αἰ.
439 1957 533 2027 621:
560 1954 665 2050 ἄφιλα
689 1955 773 2048 παρ’
798 1954 941 2051 ἀφίλοις.
969 1956 1017 2028 ΕΙ.
1036 1958 1131 2030 52οι
1152 1955 1264 2027 πολλὰ
1285 1955 1378 2048 πρὸς
1397 1955 1549 2036 πολλούς
1563 1957 1621 2045 (ci.
1640 1955 1716 2026 Eur.
1738 1957 1802 2027 lon.
1823 1958 1937 2047 381.).
1970 1957 2051 2031 0.R.
2071 1963 2161 2037 479:

365 2057 497 2147 μέλεος
513 2056 635 2150 μελέιρ
653 2056 744 2127 ποδί.
774 2058 846 2129 Ant.
867 2058 957 2129 977:
979 2057 1102 2149 μέλεοι
1114 2056 1248 2149 μελέαν
1264 2058 1395 2129 πάθαν.
1427 2057 1539 2127 1311;
1561 2056 1876 2152 δείλαιος-δειλαίᾳ
1896 2059 1975 2154 cop.
2004 2059 2054 2129 ali.
2071 2063 2161 2135 735:

368 2159 453 2238 νέας
465 2156 601 2254 βουλὰς
625 2157 908 2250 νέοισιςτρόποις.
943 2159 1022 2230 O.C.
1048 2160 1162 2231 1259:
1185 2156 1301 2250 γέρων
1323 2158 1459 2251 χέροντι
1475 2158 1747 2255 σνχκατῴκηκεν
1768 2157 1875 2240 πίνος
1902 2161 1943 2232 ci.
1963 2162 2156 2232 sanatam.

367 2260 408 2330 ad
436 2259 467 2330 b.
489 2258 509 2329 l.
530 2258 575 2330 lb
598 2259 714 2330 1109:
740 2259 918 2352 δυσμόρου
942 2283 983 2352 χε
1006 2259 1177 2352 δόσμυρα.
1214 2257 1261 2330 El.
1282 2262 1376 2331 742:
1398 2257 1512 2350 όρδδς
1531 2257 1575 2339 ἐξ
1594 2259 1714 2350 ὀρδῶν
1736 2259 1880 2355 δίφρων
1907 2262 1949 2333 ci.
1967 2264 2092 2356 Ρμυφλτ.
2116 2263 2158 2333 ad

367 2361 441 2431 Eur.
463 2359 559 2432 llcrc.
580 2361 599 2431 i.
623 2362 706 2432 128.
751 2359 878 2433 Leviter
904 2361 1046 2458 denique
1072 2362 1153 2433 satis
1177 2373 1227 2432 ast
1250 2361 1446 2458 significare.
1470 2360 1618 2432 ciusdem
1642 2364 1773 2454 generis
1797 2386 1873 2433 essa
1895 2361 1942 2433 El.
1967 2363 2059 2435 589:
2084 2361 2160 2433 εό-

366 2461 526 2557 σεβεῖς
548 2461 635 2542 κάς·
662 2461 888 2560 εὐσεβῶν,
926 2461 982 2551 al,
1019 2462 1204 2560 dequibus
1232 2462 1392 2558 disputavi
1426 2467 1465 2533 δε
1488 2466 1542 2532 ab.
1570 2464 1596 2532 1.
1622 2488 1657 2555 p.
1682 2462 1716 2533 9.
1744 2489 1777 2534 n.
1804 2464 1863 2533 20.
1893 2464 1934 2534 ci.
1964 2467 2087 2536 Diores.
2115 2463 2158 2535 ad

368 2563 458 2634 Dem.
487 2563 530 2635 de
555 2588 622 2635 cor.
651 2568 684 2652 δ.
708 2566 765 2635 10.
796 2590 828 2660 p.
852 2565 934 2635 171.
967 2606 1011 2616 —

470 2664 593 2736 Deinde
620 2664 768 2737 similitor
794 2665 994 2736 adiectiva
1023 2690 1095 2736 cum
1123 2665 1329 2736 adverbiis
1356 2666 1425 2736 suis
1453 2666 1701 2759 coniunguntur,
1733 2678 1767 2734 ut
1793 2665 1842 2735 Αἰ.
1870 2666 1987 2738 1177:
2018 2664 2160 2747 κακός

367 2770 516 2846 κακῶς
553 2763 716 2849 ἄθαπτος
746 2764 889 2837 ἐκπέσοι
914 2766 1057 2860 χθονός,
1094 2791 1157 2862 qua
1191 2766 1293 2864 figura
1329 2767 1359 2836 in
1393 2767 1597 2838 exsecrando
1629 2766 1766 2838 maxime
1793 2768 1837 2837 uti
1869 2765 1987 2856 solent,
2019 2764 2160 2839 s'celesto

367 2864 591 2964 significantes
624 2867 757 2965 dignum
789 2866 965 2940 convenire
998 2863 1212 2964 supplicium3
1246 2868 1287 2939 ci.
1316 2866 1364 2937 Αἱ.
1394 2868 1480 2939 839.
1521 2868 1580 2938 Pb.
1610 2867 1718 2939 1369.
1759 2867 1810 2936 Fr.
1834 2867 1957 2965 Adesp.
1982 2868 2043 2940 96.
2084 2862 2157 2939 Ευτ.

367 2965 456 3064 (chl.
478 2969 562 3039 268.
600 2968 676 3039 Tro.
698 2969 782 3039 446.
815 2968 924 3039 1055.
962 2969 1015 3038 Ar.
1037 2967 1116 3065 Equ.
1138 2970 1172 3038 2.
1209 2968 1299 3041 Dem.
1328 2968 1370 3040 de
1397 2992 1465 3040 cor.
1491 2975 1524 3056 ς.
1545 2969 1629 3039 267.
1669 2972 1786 3039 Boabr.
1807 2969 1848 3039 ad
1873 2968 1956 3040 Plut.
1980 2970 2077 3040 Flam.
2101 2971 2157 3040 10.

366 3096 399 3166 p.
423 3070 507 3140 104.
551 3070 708 3160 Vaspsliu.
738 3069 779 3140 ad
804 3067 886 3140 Plut.
908 3069 996 3141 Brut.
1018 3069 1077 3141 33.
1105 3070 1245 3141 Ellendt.
1273 3068 1306 3141 l..
1327 3067 1363 3141 S.
1383 3069 1405 3140 l.
1435 3096 1467 3166 p.
1488 3069 1574 3142 908.
1604 3069 1643 3140 cl.
1669 3070 1743 3141 Eur.
1764 3069 1842 3142 llec.
1863 3069 1957 3141 903:
1986 3078 2068 3140 πᾶσι
2089 3069 2159 3160 yda

366 3168 478 3240 κοινὸν
504 3168 675 3240 τόδε-τόν
697 3169 765 3261 μὲν
791 3168 931 3241 κακὸν
957 3170 1096 3241 κακόν
1127 3193 1165 3239 τι
1191 3173 1348 3265 πόσχειν,
1381 3169 1438 3240 τὸν
1464 3170 1506 3240 δὲ
1528 3169 1684 3266 χρηστόν
1711 3169 1873 3264 εὐτυχεῖν.
1914 3170 1971 3242 Οτ.
1992 3169 2083 3241 413ε
2116 3168 2157 3239 ob

365 3270 462 3341 δεινὰ
481 3271 626 3366 πάσχειν
649 3271 746 3341 δεινδ
771 3270 854 3353 τοδς
877 3268 1136 3373 εζοχασμὲνους.
1176 3271 1226 3343 Fr.
1253 3272 1317 3343 inc.
1341 3271 1449 3361 1036,
1473 3274 1515 3344 t:
1541 3270 1667 3342 κακὸν
1690 3270 1758 3363 γὰρ
1782 3269 1896 3363 ἄνδρα
1918 3270 1993 3365 χρὴ
2020 3275 2162 3350 κακῶς

367 3373 542 3466 πάσχειν
574 3370 638 3442 ἀεί.
680 3373 837 3444 Simonid.
866 3397 919 3469 ap.
950 3372 1030 3444 Plat.
1061 3373 1148 3443 Prot.
1185 3399 1217 3469 p.
1239 3374 1323 3444 344.
1353 3373 1387 3443 E.
1419 3416 1463 3425 —
1500 3374 1674 3444 Praetereo
1706 3373 1746 3442 ci.
1776 3372 1824 3442 At.
1848 3373 1956 3443 1137.
1998 3369 2045 3439 ΕΙ.
2073 3371 2156 3442 198.

367 3472 424 3543 Pb.
447 3474 530 3547 166.
567 3514 611 3526 -
646 3471 883 3572 Nonnunquam
911 3499 971 3544 usu
1009 3474 1105 3562 venit,
1141 3485 1175 3543 nt
1211 3500 1274 3545 uon
1310 3472 1438 3558 eadem,
1473 3473 1532 3545 sed
1568 3472 1682 3544 similis
1716 3472 1964 3569 siguilicntionis
2000 3470 2157 3543 vocabula

369 3574 455 3645 bunc
487 3575 519 3645 in
552 3573 682 3645 modum
716 3576 958 3665 consocientur,
997 3574 1282 3646 retardatione:
1316 3572 1395 3666 πρὶν
1430 3578 1544 3654 κεῖνος
1575 3573 1679 3645 αὐτὸν
1713 3573 1916 3668 φανερὸς
1947 3570 2162 3666 ἐμφανῶς

368 3674 514 3756 σταθείς
544 3673 652 3770 δείέφ,
689 3676 742 3770 qui
779 3674 871 3748 locus
907 3676 1043 3769 insignis
1078 3676 1173 3747 etiarn
1210 3690 1261 3746 est
1297 3676 1485 3748 traiectione
1518 3677 1699 3747 verborum.
1734 3701 1797 3772 qua
1831 3672 1916 3745 baud
1949 3697 2024 3742 raro
2055 3672 2157 3771 Sopb.

368 3777 476 3863 utitur,
506 3788 650 3870 atquae
678 3775 708 3845 in
737 3777 897 3848 sententia
924 3778 1116 3869 gravissima
1144 3789 1230 3859 sunt,
1263 3776 1407 3870 proxime
1434 3802 1473 3848 ea
1502 3776 1711 3848 collocentur.
1745 3791 1778 3846 ut
1804 3775 1857 3844 Tr.
1883 3772 1968 3843 613.
1998 3773 2045 3846 El.
2070 3775 2158 3846 989:

367 3877 429 3957 ζ’ν
455 3874 646 3969 αἰσχρόν
672 3875 878 3971 αἰσχρῶς
900 3881 972 3957 τοῖς
990 3878 1109 3958 καλῶς
1130 3876 1328 3971 πεφυκόσιν.
1349 3875 1404 3948 Tr.
1428 3880 1511 3950 111:
1537 3877 1680 3947 κακὰν
1706 3876 1929 3947 δύστανον
1956 3873 2159 3956 ἐλπίζουσαν

371 3904 481 4048 alnae.
517 3977 563 4048 El.
594 3978 685 4050 124:
719 3978 777 4049 τὸν
812 3976 853 4048 ἐκ
887 3979 1089 4070 δολερᾶς
1122 3977 1366 4049 ἀθεώτατα
1397 3977 1537 4070 ματρός
1569 3978 1706 4048 δλόντα.
1744 3979 1816 4047 ilnt.
1847 3975 1944 4046 1330
1977 4002 2028 4074 sq.
2081 3977 2157 4044 ltem

368 4079 503 4175 saepius
531 4093 628 4175 poeta
656 4078 802 4151 distinxit
828 4079 1007 4151 orationem
1036 4078 1477 4154 variand0:cl.bnt.155:
1510 4080 1707 4173 νεοχμὸς
1736 4079 1947 4168 νεαραῖσι
1979 4081 2072 4148 θεῶν
2103 4072 2160 4143 ἐπὶ

457 4249 492 4309 ¹⁴)
519 4246 592 4299 llaec
604 4247 731 4300 scribenti
743 4248 807 4300 mihi
821 4249 847 4298 in
861 4255 975 4300 mantem
990 4248 1111 4304 veniunt,
1124 4261 1192 4310 quaa
1207 4246 1321 4299 llinsrvn
1334 4247 1397 4297 dirit
1411 4248 1448 4298 ti.
1462 4247 1508 4295 tt:
1528 4242 1631 4311 νύκτωρ
1652 4243 1698 4310 ἐφ’
1710 4241 1782 4303 όμδς
1796 4240 1890 4302 δόλιος
1905 4244 2022 4309 ὁρμᾶται
2033 4237 2158 4300 μόνος,

368 4316 411 4367 ubi
431 4331 480 4383 pro
497 4311 586 4376 μόνος
603 4315 711 4366 forsitan
730 4316 863 4384 quispiam
883 4317 1014 4383 putaverit
1033 4332 1085 4367 non
1105 4318 1194 4383 inepte
1213 4315 1311 4366 scribi:
1334 4312 1476 4374 μανείς,
1498 4329 1557 4364 cum
1577 4313 1733 4382 praesertim
1753 4311 1787 4362 de
1803 4313 1899 4375 lurore
1916 4307 2086 4373 audaciaque
2104 4309 2160 4360 llis·

369 4385 416 4440 cis.
434 4395 502 4445 quae
520 4383 607 4439 luerit.
627 4381 692 4432 Ulixi
705 4385 876 4451 interroganti
891 4399 914 4433 v.
928 4384 975 4433 tt:
994 4381 1096 4433 τοίοισι
1109 4381 1258 4445 τόλμαις
1269 4380 1361 4431 ταῖσδε
1375 4378 1417 4430 καλ
1429 4383 1570 4446 φρενῶν
1585 4379 1713 4446 δράσει
1726 4378 1775 4431 des
1790 4379 1963 4447 respondean
1978 4374 2012 4427 ai.
2026 4374 2080 4426 tm.
2096 4376 2159 4428 135:

367 4447 563 4511 μαινομένα
581 4447 628 4506 ξὺν
649 4446 735 4516 ὁρμᾷ
753 4448 898 4520 βακχεύων
919 4448 1039 4503 ἐπέπνει.
1070 4450 1123 4502 Sed
1142 4467 1195 4501 non
1214 4451 1306 4501 audeo
1325 4457 1426 4500 tentare
1446 4449 1532 4500 lorum
1552 4452 1651 4516 quippe
1671 4462 1701 4498 sa
1721 4448 1885 4501 rernrdatus.
1903 4458 1970 4506 quae
1984 4442 2060 4492 639·
2074 4445 2161 4495 (11394

370 4519 393 4569 is
432 4524 501 4569 ntur.
538 4502 598 4580 Ouo
624 4516 737 4568 oonsilio
759 4536 822 4571 sera
847 4526 923 4582 pocta
949 4519 1054 4569 Aiacem
1080 4518 1173 4569 ditarit
1198 4516 1307 4578 μόνον
1332 4517 1365 4568 ad
1391 4517 1493 4569 lacinus
1519 4517 1675 4580 visitandam
1701 4518 1798 4567 exiisse
1822 4514 1906 4564 noctis
1930 4510 2045 4567 silentia,
2074 4527 2161 4576 neque
2263 4551 2267 4558 .

368 4534 536 4637 Segdlnet'deta.
555 4586 627 4644 vidit,
654 4597 742 4646 nequa
762 4593 834 4638 rests
853 4588 1041 4648 interpretatus
1066 4582 1193 4652 Wclffius
1211 4593 1258 4637 est.
1296 4585 1461 4636 tjontldantia
1480 4588 1549 4636 enim
1569 4584 1622 4639 illa.
1643 4596 1720 4661 tinam
1741 4580 1858 4661 ‹leseribi
1873 4579 1915 4629 bio
1932 4577 2082 4633 arbitrum.
2100 4597 2162 4632 eon-

369 4660 496 4706 sentsuss
516 4661 588 4706 esset
607 4651 725 4703 moribus
744 4654 802 4704 sant
821 4653 945 4710 bominis,
969 4668 1021 4704 non
1041 4652 1177 4705 iracundia
1196 4660 1234 4703 est
1254 4664 1338 4717 triopa
1357 4653 1476 4710 furentis.
1500 4667 1553 4702 non
1573 4654 1629 4703 eius
1648 4655 1742 4707 tracis,
1765 4664 1809 4710 nur
1828 4659 1931 4721 νυκτωρ
1949 4659 1981 4694 sc
2000 4642 2093 4705 δόλιος
2110 4664 2160 4699 ras.

368 4738 430 4774 suas
447 4730 571 4789 gesturus
586 4721 630 4771 stt.
655 4718 733 4781 Quod
751 4722 872 4771 sensisse
887 4720 989 4772 videtur
1009 4717 1151 4786 Waltfius:
1169 4720 1238 4770 idem
1258 4729 1346 4770 tamen
1364 4719 1436 4781 quod
1455 4726 1538 4782 putat.
1555 4721 1659 4770 Aiacem
1677 4715 1820 4785 significari
1838 4724 1959 4762 conscios
1977 4724 2032 4763 nou
2052 4711 2160 4769 babere.

369 4806 421 4842 non
441 4792 528 4842 minus
546 4787 657 4847 fellitum
683 4802 742 4838 nom
766 4799 854 4848 nsque
872 4789 1002 4850 quaesivit
1021 4802 1135 4850 unquam
1156 4786 1189 4838 de
1209 4803 1239 4837 ea
1259 4802 1287 4838 ra
1308 4786 1404 4843 Ulixes.
1422 4801 1509 4849 nsrpua
1528 4788 1662 4853 cogitavit.
1680 4799 1767 4846 nauus
1786 4785 1893 4857 interest
1913 4778 1988 4838 deae.
2007 4790 2032 4832 ut
2051 4783 2159 4857 erimine

368 4859 547 4909 conscientias
572 4853 662 4906 nascio
685 4856 745 4916 quis
768 4853 893 4905 solvatur.
934 4852 1017 4907 lmmu
1039 4857 1061 4907 si
1088 4854 1150 4918 quid
1171 4854 1259 4909 video.
1280 4853 1395 4904 bominis
1416 4856 1504 4904 unium
1523 4855 1706 4905 vehementius
1727 4847 1881 4913 perturbati.
1902 4855 1925 4898 at
1950 4849 2102 4910 iracundiae
2123 4860 2160 4895 tn·

370 4923 472 4976 cendiis
495 4925 571 4988 quasi
592 4920 743 4974 inflammati
768 4926 861 4971 natura
883 4923 919 4973 ita
942 4923 1000 4976 tart.
1026 4931 1052 4974 ut
1076 4925 1116 4973 sui
1139 4923 1224 4984 ipsius
1246 4936 1330 4988 prope
1352 4920 1458 4972 oblitus.
1483 4921 1553 4982 cuod
1577 4921 1749 4972 machinetur.
1771 4917 1797 4966 in
1822 4930 1854 4965 eo
1879 4922 1993 4967 mentem
2017 4926 2161 4974 carnesque

370 4992 543 5056 cogitationes
567 4989 618 5042 deii
638 4996 672 5047 at.
694 4988 821 5052 quodque
844 4988 932 5040 animo
953 4990 1106 5042 volutaverit
1128 4989 1216 5041 scelus
1238 4988 1308 5039 nullo
1331 4987 1449 5040 adhibito
1470 4988 1565 5041 solus
1589 4986 1714 5052 perficiat.
1739 4983 1784 5035 Est
1805 4985 1884 5051 igitur
1903 4986 1962 5038 λίεε
1985 4984 2035 5036 buo
2055 4992 2160 5045 «tuoque

367 5057 426 5109 loca
445 5058 582 5125 φρενός
598 5005 781 5122 οίοβῶτας
798 5055 848 5118 (ti.
862 5055 941 5118 616).
960 5084 993 5093 -
