4674 5880
1109 310 1156 381 23

993 412 1285 420 ..m-—

153 546 156 551 ⁵
240 553 398 625 ruendo
425 549 463 620 ἐν
490 550 692 638 πεπλώματι
725 547 797 643 ipsa
825 546 996 617 verborum
1023 546 1170 618 traiectio
1202 547 1332 632 indicat,
1365 570 1460 640 qnam
1494 547 1624 616 multum
1658 546 1777 618 tribuat
1804 547 1954 618 Deianira
1986 549 2029 618 illi

243 658 334 726 vesti.
376 653 472 740 Quod
499 653 664 722 Nooelriua
694 662 802 719 autem
835 647 1084 744 praeferendum
1117 648 1220 721 ducit:
1252 648 1417 739 κλεινῷ
1442 646 1641 733 κλεινόν,
1674 648 1716 718 ad
1744 647 1937 720 sententiam
1965 676 2028 720 non

242 782 327 852 nego
354 781 431 827 esse
458 777 613 848 perquam
641 749 936 832 acrrrmmodatum3
964 748 1062 819 nihilo
1088 763 1195 820 tamen
1223 750 1329 820 minus
1355 748 1552 820 conveniens
1579 747 1656 820 illud
1683 759 1745 829 est,
1772 750 1860 845 quod
1888 750 2031 848 ineptum

243 859 290 927 vir
317 856 526 929 doctissimus
554 866 653 948 putat.
704 851 773 921 linc
800 851 885 920 enim
913 849 1061 920 Deianira
1089 862 1182 921 curet
1209 876 1281 921 curn
1308 851 1457 937 maxime,
1491 861 1524 919 ut
1551 849 1761 921 intactam
1790 865 1913 921 vestem
1940 852 2029 948 pri·

240 984 328 1028 inus
359 958 471 1029 induat
497 952 665 1029 Hercules,
696 951 788 1048 quasi
816 976 894 1021 vero
921 962 1052 1039 meust,
1084 977 1125 1022 ne
1157 951 1391 1023 conmminetur
1423 977 1462 1021 ea
1495 964 1638 1022 attactu
1665 965 1699 1021 et
1724 952 1883 1048 adspectu
1909 951 2028 1025 alieno.

244 1102 288 1110 -
319 1062 477 1154 Corrupto
506 1080 582 1126 vero
608 1066 684 1124 sunt
710 1053 788 1125 Oli.
811 1053 903 1124 230:
931 1049 965 1121 εἰ
987 1051 1024 1120 δ’
1055 1049 1100 1122 αὖ
1128 1076 1178 1134 τις
1202 1050 1339 1122 ἄλλον
1365 1048 1458 1123 υῖδεν
1485 1050 1536 1131 ἐξ
1558 1050 1699 1147 ἄλλης
1718 1053 1861 1145 χθονός,
1889 1078 1951 1125 nec
1978 1081 2031 1125 re-

242 1163 313 1231 lert.
340 1182 530 1234 enumerare
556 1156 762 1227 coniecturas
788 1178 913 1237 omnes,
944 1152 1063 1248 quibus
1090 1179 1209 1225 sanare
1235 1153 1293 1223 viri
1321 1152 1406 1225 docti
1439 1179 1477 1224 ea
1511 1147 1713 1225 studuerunt.
1755 1153 1826 1225 lloc
1857 1153 1933 1227 mibi
1967 1181 2030 1225 non

241 1263 372 1333 dubium
407 1273 467 1340 est,
503 1257 579 1354 quin
614 1255 808 1351 peregrinus
846 1253 1071 1350 significatum¹
1103 1255 1197 1325 buius
1233 1254 1318 1327 enim
1360 1255 1583 1327 tantummodo
1621 1279 1785 1351 personae
1822 1258 2028 1343 conveniunt,

240 1388 326 1458 quae
361 1359 532 1458 pollicetur
567 1357 713 1452 Oedipus
749 1382 777 1425 v.
807 1356 892 1427 232.
941 1356 1013 1440 Qua
1047 1356 1089 1427 de
1124 1380 1223 1428 causa
1257 1358 1399 1426 Nourlrii
1432 1356 1619 1428 coniectura
1654 1380 1719 1426 non
1756 1355 1908 1453 displicet
1939 1358 2028 1437 mibi,

239 1487 434 1559 quamquam
463 1457 661 1557 praestiterit
687 1457 843 1528 forsitan:
877 1455 1034 1527 ἐλθών.
1070 1500 1114 1509 -
1152 1457 1198 1528 Ex
1229 1458 1346 1528 eodem
1378 1456 1465 1528 lente
1498 1470 1670 1529 manarunt
1695 1458 1793 1530 baec:
1826 1457 1905 1529 Oli.
1936 1459 2028 1528 261:

240 1571 404 1634 κοινῶν
435 1586 473 1632 τε
505 1559 679 1630 παίδων
710 1555 817 1628 κοίν’
852 1556 906 1643 ἄν,
939 1555 972 1626 εἰ
1001 1557 1105 1651 κείνῳ
1138 1557 1242 1651 γένος
1266 1558 1318 1652 μὴ
1353 1556 1598 1653 ἐδυστύχησεν,
1635 1557 1678 1654 ἦν
1714 1559 1757 1629 δν
1793 1558 2027 1652 ἐκπεφυκότα,

241 1692 323 1759 qnae
350 1691 423 1736 curn
451 1662 607 1758 gravitate
634 1661 795 1731 dicentem
822 1658 982 1755 Oedipum
1010 1674 1122 1757 aperte
1149 1674 1324 1757 propterea
1352 1673 1449 1756 poeta
1477 1660 1563 1746 lacit,
1595 1673 1629 1730 ut
1655 1664 1829 1733 communis
1856 1663 2029 1731 liberorum

238 1771 406 1858 propanier
432 1782 505 1835 orto
532 1764 764 1853 aparentibus
791 1764 1008 1831 communibus
1034 1759 1103 1850 (ἐκ
1128 1765 1297 1847 κοινῶν)
1324 1760 1539 1856 significetur,
1571 1778 1732 1855 utrosque
1764 1767 1822 1834 illo
1854 1779 1882 1832 et
1907 1786 2028 1852 paratr-

241 1887 308 1938 tum
333 1885 362 1937 et
388 1871 563 1937 liberorum
589 1859 805 1933 κοινωνία
833 1862 985 1937 sensibus
1013 1862 1213 1934 subiiciatur.
1264 1860 1412 1957 Oedipus
1439 1876 1546 1934 autern
1574 1863 1773 1936 intimabas
1800 1863 2028 1935 coniunctione

238 1971 376 2040 inarime
401 1992 478 2038 sese
506 1963 622 2058 impelli
649 1965 705 2043 ait,
739 1961 865 2035 utlaii
893 1963 1052 2035 interitum
1085 1977 1302 2061 persequatur
1333 1978 1430 2058 atquc
1457 1963 1605 2035 vindicet.
1647 1963 1718 2036 Non
1746 1978 1821 2037 sunt
1847 1964 1932 2035 enim
1958 1988 2061 2034 και»

238 2077 306 2141 νῶν
332 2069 467 2141 παίδων
491 2067 589 2137 κοινοί
621 2064 860 2159 coniungenda,
894 2079 927 2135 ut
958 2064 1043 2135 idem
1074 2067 1201 2136 valeant
1233 2064 1321 2161 quod
1353 2062 1461 2136 κοινοῖ
1492 2066 1625 2151 παῖδες,
1658 2066 1692 2138 id
1723 2068 1811 2163 quod
1846 2078 2029 2137 statuerunt

238 2176 355 2243 blattis.
383 2172 439 2241 Gr.
468 2175 498 2257 S.
525 2169 611 2245 442,
637 2168 671 2237 4.
700 2164 878 2262 pluresque
903 2163 1081 2261 Sophoclis
1108 2167 1314 2263 interpretes,
1346 2167 1406 2237 sed
1432 2167 1603 2260 genetivus
1629 2173 1753 2237 κοινῶν
1780 2193 1820 2239 ex
1846 2166 1946 2238 verbo
1973 2165 2028 2237 ἐκ·

237 2272 417 2365 πεφυκότα
444 2270 566 2367 pendet
592 2281 812 2365 parentesque
839 2266 961 2338 indicat
987 2284 1187 2351 communes,
1219 2268 1261 2338 cl.
1289 2267 1364 2337 Eur.
1393 2266 1462 2337 nto.
1492 2267 1585 2341 3252
1617 2268 1691 2357 ὑμῖν
1717 2269 1771 2355 δέ,
1798 2269 1932 2351 παῖδες,
1961 2291 2027 2362 μη-

238 2372 321 2462 qod<
341 2369 583 2466 ἐκπεφυκέναι.
618 2366 720 2463 Sopb.
746 2366 961 2441 Ο.Β.1499;
988 2368 1108 2459 ὦνπερ
1131 2366 1240 2449 αὐτὸς
1260 2366 1379 2461 ἐξέφυ.
1408 2368 1457 2438 Αἰ.
1478 2369 1564 2439 487.
1593 2368 1701 2440 1295.
1731 2370 1804 2440 Eur.
1827 2368 1942 2441 Bacch.
1965 2370 2026 2439 44.

237 2475 341 2544 Nihilo
368 2474 478 2546 secius
505 2470 602 2543 babet
629 2470 708 2540 baec
735 2469 839 2540 oratio
870 2466 1003 2564 aliquid,
1035 2468 1066 2539 in
1094 2494 1160 2566 quo
1192 2468 1396 2541 desideretur
1427 2468 1588 2565 elegantia
1615 2467 1822 2566 Sopboclea3
1856 2470 2027 2542 verborum

239 2576 323 2645 enim
351 2601 389 2646 ea
417 2587 468 2646 est
495 2571 678 2655 collocatio,
711 2585 744 2641 ut
771 2569 825 2666 qui
854 2568 941 2665 legat
968 2594 1071 2665 prope
1098 2582 1233 2667 cogatur
1259 2570 1458 2667 coniungere
1483 2576 1607 2640 κοινῶν
1633 2570 1777 2642 παίδων.
1824 2573 1934 2657 Quare
1964 2596 2027 2640 nou

237 2676 362 2747 alienus
394 2675 545 2772 equidem
572 2698 644 2744 sum
676 2699 695 2742 a
727 2670 934 2742 coniecturae
964 2671 1120 2760 remedio,
1151 2672 1203 2744 eui
1234 2671 1437 2743 indulserunt
1467 2672 1563 2743 etiam
1591 2674 1754 2764 Hartunp.
1791 2687 1823 2744 et
1849 2675 2025 2745 Nouclriur.

237 2846 369 2908 cogitasse
394 2859 452 2894 eum
478 2848 588 2906 putaret.
622 2840 793 2958 Quapropter
811 2854 863 2889 non
884 2836 975 2889 dubito
993 2839 1032 2889 sic
1051 2843 1219 2890 convertere:
1244 2842 1275 2890 ot
1291 2836 1316 2888 ri
1334 2833 1441 2906 quidem
1459 2835 1539 2889 desiit
1558 2837 1683 2901 (insanio
1702 2834 1854 2905 laborare),
1879 2837 1955 2892 baud
1972 2839 2027 2889 reio

238 2925 273 2962 rm
294 2925 346 2960 rea
365 2909 448 2961 berre
463 2926 498 2962 ευ
516 2907 666 2968 babeam
683 2906 716 2958 cl.
750 2923 770 2958 r.
786 2906 848 2956 tua:
865 2903 951 2960 αὐτὸς
967 2902 999 2954 δὲ
1018 2907 1078 2963 πῶς
1094 2901 1217 2962 ἄπεστιν,
1236 2902 1313 2969 εἴπερ
1332 2903 1492 2974 εὐτυχεῖς
1513 2922 1562 2957 neo
1581 2920 1769 2975 repugnarem,
1787 2908 1810 2959 si
1829 2909 1889 2976 quis
1908 2909 2027 2959 scribere

238 2978 337 3030 ntallet:
361 2977 458 3027 πάντ’
478 2974 511 3027 δν
534 2974 670 3044 εὐτυχεῖν,
712 2975 763 3025 und
787 2974 883 3039 legitur
900 2972 962 3026 0.u.
974 2972 1017 3024 88.
1050 2973 1107 3025 ilco
1128 2973 1208 3026 addo.
1231 2973 1320 3025 dedita
1345 2990 1426 3041 opera
1451 2974 1563 3026 leuasse
1587 2974 1758 3041 ambiguitate
1781 2976 1896 3043 quadam
1920 2975 2026 3025 dicendi

238 3063 313 3097 osum
339 3054 443 3113 poetam
467 3062 527 3098 esse
550 3046 583 3096 ad
607 2992 755 3105 angenllam
779 3041 904 3110 colloquii
928 3040 1098 3092 alacritatem.
1116 3069 1150 3078 —
1169 3041 1215 3092 ttts
1238 3047 1324 3093 autern
1347 3042 1492 3108 propositis
1516 3048 1622 3093 transeo
1647 3042 1679 3093 ad
1704 3043 1836 3107 graviora.
1869 3041 2027 3094 Tecmessae

237 3115 326 3165 verbis
343 3129 402 3166 cum
421 3121 492 3165 recta
512 3112 680 3181 responderit
695 3110 804 3166 choros,
823 3107 941 3174 duplex
959 3107 1056 3160 malurn
1077 3124 1137 3161 esse
1156 3109 1250 3166 maius,
1268 3106 1338 3159 illam
1357 3108 1464 3177 quidem
1478 3112 1519 3159 ιιι
1536 3109 1665 3161 credibile
1684 3118 1723 3162 est
1741 3126 1772 3161 ea
1789 3111 1909 3178 potuisse
1925 3109 2026 3161 dicere.

239 3199 305 3249 quae
328 3184 354 3233 in
376 3181 451 3233 libris
473 3182 497 3233 le
517 3188 608 3232 untur:
631 3179 735 3247 ἡμεῖς
752 3171 808 3243 ἄρ’
826 3173 865 3225 οδ
886 3177 1081 3232 νοσοῦντες
1097 3173 1287 3237 araneosa
1307 3176 1379 3232 νῦν,
1403 3192 1562 3244 quamquain
1584 3178 1734 3244 singulares
1755 3177 1885 3246 quasdam
1907 3178 2025 3244 argutias

238 3249 278 3301 bis
303 3251 431 3300 contineri
458 3198 625 3300 Sclincidrtc.
649 3246 766 3314 putabat,
791 3260 857 3311 quas
883 3242 989 3311 quidem
1016 3243 1098 3295 libere
1124 3244 1208 3295 lateor
1232 3259 1273 3295 me
1298 3259 1350 3294 non
1375 3244 1522 3310 dispicere:
1546 3243 1668 3296 uidentur
1692 3244 1754 3295 mibi
1780 3260 1840 3295 esse
1866 3244 2028 3310 argutiores.

237 3332 336 3385 eaeque
356 3325 382 3368 ut
401 3325 478 3384 aptae
497 3315 632 3367 subtilitati
655 3312 824 3377 Euripideae,
848 3315 888 3363 sic
906 3326 999 3377 parum
1018 3312 1207 3365 convenientes
1225 3319 1251 3363 et
1272 3311 1438 3376 Sophocleae
1456 3313 1575 3377 gravitati
1593 3320 1619 3362 et
1638 3320 1747 3363 naturae
1770 3313 1947 3380 iortunaeque
1965 3312 2028 3362 Tec-

236 3397 338 3436 messae
357 3386 450 3452 ipsius.
481 3384 559 3448 Quod
580 3397 641 3433 raro
660 3389 739 3448 caput
757 3387 805 3433 est,
823 3396 876 3431 non
893 3386 1103 3431 consentaneum
1122 3379 1173 3431 boc
1191 3393 1349 3446 responsum
1369 3379 1480 3430 orationi
1499 3380 1583 3437 ebori,
1602 3382 1645 3432 cni
1664 3396 1698 3432 ne
1718 3379 1896 3431 llermanni
1916 3379 2024 3447 quidem

238 3452 384 3504 amandatio
402 3451 458 3515 ted.
471 3449 538 3511 ttt.t:
555 3450 635 3518 ἡμεῖς
652 3444 697 3514 ἄρ’
715 3444 774 3497 οὖν
795 3449 943 3504 νοσοῦντες
960 3448 1090 3498 convenit.
1126 3442 1165 3498 llli
1184 3448 1253 3498 anim
1272 3446 1425 3497 necessario
1445 3446 1665 3514 respondendnm
1686 3453 1742 3498 erat
1759 3455 1816 3498 ant:
1835 3461 1894 3497 uos
1913 3445 2024 3512 ipitur

236 3516 367 3569 aroinrr
384 3532 458 3572 enac
474 3531 604 3585 urpemsr
622 3516 694 3568 molo
716 3517 768 3577 (se
805 3517 911 3566 uoniam
930 3529 991 3566 vera
1010 3515 1044 3564 do
1067 3514 1108 3565 lea
1126 3516 1186 3574 est),
1210 3522 1266 3566 aut:
1292 3516 1375 3581 atque
1393 3513 1579 3565 ursatium
1597 3512 1737 3580 duplici
1758 3511 1832 3565 malo
1851 3512 2025 3568 cruciemur:

236 3589 314 3648 etque
335 3585 385 3638 boc
407 3587 514 3657 quidam
539 3603 568 3639 ea
594 3586 760 3652 potissimum
786 3532 818 3633 de
842 3598 931 3636 nausa.
955 3582 1026 3650 quod
1044 3530 1185 3634 lacmassa
1209 3583 1268 3648 ipsa
1292 3589 1394 3648 postea,
1420 3582 1549 3650 explicata
1574 3598 1638 3633 suae
1664 3585 1813 3633 sententiae
1832 3584 1865 3642 vi,
1892 3581 2027 3633 concludit

239 3651 335 3700 niti:
361 3650 403 3718 dp·
423 3652 481 3705 ἔστι
505 3655 590 3705 τοῦτο
617 3651 670 3709 dir
690 3646 764 3699 sris·
784 3647 825 3708 ἐξ
844 3645 961 3699 ἁπλῶν
984 3648 1081 3710 κακά;
1108 3649 1199 3718 Neque
1217 3649 1282 3716 fugit
1301 3649 1351 3699 boo
1369 3644 1614 3705 Schneidewiuum,
1639 3652 1683 3712 qni
1704 3645 2025 3716 Pitil.1l'.p.45ti.con·

238 3718 325 3767 vertit:
349 3721 422 3774 „wir
439 3721 502 3773 siud
520 3719 636 3787 [ciplirlr
652 3719 724 3786 jotri
742 3723 812 3769 eret
830 3715 923 3769 rccltt
940 3716 971 3768 iu
989 3713 1097 3767 Now
1125 3718 1154 3768 tr
1178 3718 1248 3768 enim
1272 3717 1424 3784 requiritur,
1448 3732 1516 3784 quae
1541 3717 1693 3768 necessaria
1718 3724 1767 3771 est,
1792 3719 1934 3769 maioris
1959 3718 2020 3768 ruali

237 3785 400 3847 significatio.
435 3791 524 3853 Qosre
548 3796 574 3841 ut
596 3789 748 3838 stibreniret
768 3788 914 3838 sententiae
938 3784 1096 3836 claudicanti
1118 3784 1250 3843 Martio,
1270 3782 1313 3835 (tir
1330 3781 1625 3851 cuntramnus
1643 3780 1912 3849 sopnt’orutesa.
1928 3798 1956 3850 p.
1971 3786 2023 3839 25.)

238 3851 318 3902 soribi
338 3853 424 3904 iussit:
445 3856 462 3924 ἦ
481 3854 572 3906 δίσσ’
592 3850 635 3918 ἄρ’
654 3852 687 3901 oi
707 3869 763 3902 νοσ.
783 3853 808 3905 ἀ.
829 3856 885 3908 νῦν,
909 3868 988 3920 quarn
1007 3854 1186 3903 coniecturam
1207 3853 1252 3903 viri
1273 3854 1404 3915 ingeniosi
1425 3852 1458 3903 ita
1479 3851 1593 3903 laudavit
1611 3850 1731 3918 linger.
1748 3851 1763 3902 l.
1782 3851 1807 3903 l..
1828 3858 1854 3901 ut
1873 3853 2023 3918 praeieran-

237 3919 298 3968 dom
318 3924 404 3970 tamea
423 3922 544 3977 duceret:
564 3921 597 3973 οδ
617 3922 790 3977 νοσοῦντος.
809 3923 879 3989 qnod
900 3920 961 3971 ierri
981 3923 1022 3971 vix
1040 3935 1121 3987 posse
1139 3935 1219 3984 supra
1239 3918 1426 3970 demonstrari.
1456 3918 1534 3983 Quod
1554 3934 1616 3970 vero
1636 3935 1783 3986 pronomen
1802 3918 1906 3985 ἡμεῖς
1922 3921 1980 3970 sine
2001 3920 2024 3968 ιι

236 4002 268 4035 ευ
286 3991 392 4052 praeter
412 3996 596 4044 necessitatem
617 3990 732 4058 positum
755 3986 871 4040 Montio.
893 3987 965 4042 dicit,
993 4003 1045 4038 nnn
1068 4002 1177 4054 possum
1200 3988 1224 4038 ei
1245 3989 1378 4039 assentiri.
1415 3986 1516 4039 Etenim
1538 4001 1597 4037 curn
1619 3987 1718 4039 chorus
1741 3987 1823 4038 modo
1845 3985 2024 4039 ellirmaverit,

238 4053 333 4120 duplex
354 4053 449 4106 melum
469 4061 552 4111 maius
570 4074 638 4111 esse,
663 4072 715 4105 nnn
735 4056 822 4123 inepte
842 4060 937 4124 opinor
954 4053 1095 4106 Tecmessa
1114 4057 1164 4105 iarn
1183 4071 1218 4105 aa
1237 4053 1345 4122 quitiam
1364 4070 1423 4105 cum
1442 4055 1519 4106 iliaca
1538 4054 1668 4105 eiusmodi
1688 4055 1776 4119 urgeri
1800 4055 1893 4105 dolore
1913 4070 2023 4121 respon·

236 4121 290 4170 «iet.
317 4120 369 4171 Sed
387 4138 421 4172 na
440 4123 489 4173 bac
507 4128 612 4191 quidem
631 4125 782 4175 coniectura
801 4125 876 4176 locus
894 4130 1011 4175 sanatur.
1038 4120 1154 4174 Olisndit
1168 4122 1247 4178 enim,
1266 4128 1294 4174 ut
1312 4138 1364 4173 non
1385 4121 1471 4172 dicam
1491 4120 1524 4172 de
1544 4121 1672 4188 particula
1690 4118 1716 4187 ἦ.
1735 4138 1805 4188 quae
1825 4122 1888 4173 mibi
1909 4137 1962 4172 nnn
1980 4122 2026 4171 ad·

239 4188 344 4239 niodum
365 4189 406 4240 bic
425 4190 520 4253 placet,
541 4190 696 4245 vocabulum
716 4185 794 4252 ἅμα.
820 4210 872 4260 quo
890 4192 926 4243 uti
946 4192 980 4241 ita
999 4197 1097 4241 tanturn
1117 4192 1168 4240 hoc
1188 4189 1246 4240 loco
1266 4197 1354 4256 potest
1372 4188 1522 4245 Teumeson,
1549 4195 1576 4239 ut
1595 4189 1736 4253 gravius
1755 4205 1784 4239 se
1804 4188 1925 4240 laborare
1944 4188 2023 4239 dicat.

237 4272 274 4306 sc.
287 4258 410 4323 quoniam
430 4257 528 4324 duplici
547 4261 616 4310 malo
634 4259 744 4310 labriret.
769 4259 862 4325 rlpturn
881 4261 947 4310 toret
965 4252 1021 4323 ἅμα
1040 4259 1065 4308 in
1085 4257 1136 4309 line
1154 4257 1291 4312 orationis,
1310 4258 1437 4322 expositis
1456 4256 1579 4308 nimirum
1600 4258 1697 4314 causis,
1716 4255 1786 4308 unde
1804 4256 1880 4308 lacile
1899 4256 2025 4309 eluceret,

235 4323 271 4373 do
293 4325 370 4374 licem
389 4339 458 4380 ease.
482 4340 533 4393 qna
551 4325 709 4383 laborarent,
735 4326 919 4379 salernitatem.
954 4328 1043 4394 itque,
1067 4333 1093 4375 nt
1113 4324 1200 4376 dicam
1220 4325 1345 4392 denique,
1369 4324 1439 4403 quod
1459 4324 1555 4381 sentio,
1573 4326 1662 4375 vitium
1681 4324 1763 4376 latere
1782 4324 1885 4376 videtur
1903 4325 1928 4375 in
1949 4340 2027 4377 voea-

238 4339 306 4441 bnlis
330 4386 386 4456 etp·
408 4391 463 4447 od,
488 4396 644 4459 praesertim
668 4409 737 4448 cum,
762 4409 830 4459 quae
854 4401 894 4446 est
918 4395 1066 4459 scripturae
1091 4393 1117 4442 ia
1142 4392 1216 4443 libris
1235 4393 1356 4447 variatas.
1381 4409 1406 4443 m
1432 4391 1473 4443 bis
1498 4406 1556 4443 eam
1578 4399 1681 4443 constet
1703 4407 1771 4444 esse.
1800 4392 1918 4443 itrirrtror
1936 4401 2023 4444 autern

607 4474 668 4526 pro:
695 4460 775 4525 ἡμεῖς
800 4455 852 4511 ΑΡ
864 4455 1066 4516 ΟΥΝυσοιῖντες
1089 4456 1240 4520 dedecori«
1265 4459 1312 4507 νῦν

397 4526 567 4578 scribendum
581 4543 653 4579 esse:
669 4529 777 4594 χήμεῖς
787 4522 941 4578 ΔΙΠΛΟΥΝ
948 4528 1098 4583 νοσοῦντες
1113 4524 1266 4587 eremana
1284 4528 1339 4583 νῦν,
1365 4527 1390 4577 b.
1407 4543 1430 4578 ε.
1447 4530 1552 4595 cique
1571 4539 1634 4577 noe
1652 4526 1756 4578 etium
1775 4523 1914 4592 duplici
1937 4541 2026 4577 nunc

236 4591 465 4713 tittittltti
486 4594 1680 4730 “ntillitu-tatuini,“tit-‘latltt't‘ttt”titttiticus?
1696 4597 1849 4727 ,illaad
1871 4596 2026 4723 utilit

238 4728 304 4776 haec
322 4728 379 4793 ipsa
398 4679 613 4782 eausaiusrunii
632 4745 722 4798 quare,
745 4730 828 4782 literis
848 4732 938 4783 nescio
957 4748 1010 4800 quo
1029 4678 1291 4785 tiodoobbscuratis,
1317 4729 1381 4781 illud
1400 4679 1479 4780 edin
1497 4729 1613 4781 alienum
1632 4727 1718 4781 locum
1737 4732 1813 4796 quasi
1832 4731 1946 4780 inlusum
1967 4744 2026 4779 esse

236 4792 400 4845 statuamus?
424 4796 483 4857 Quo
503 4800 647 4849 iniirrnatur
666 4801 752 4849 etiam.
772 4797 842 4860 quod
863 4801 888 4850 in
907 4797 1047 4849 Naucltii
1067 4799 1221 4849 coniectura
1239 4798 1323 4861 (Diar.
1338 4796 1613 4863 trt.aattun.1855.p.
1628 4797 1709 4855 ilbi:
1729 4794 1830 4864 ἔχεις
1847 4790 1891 4860 up·
1909 4790 1949 4844 οὔ
1969 4811 2025 4845 νυσ.
2068 4828 2069 4832 ,

236 4859 323 4922 δαίμ.
341 4863 389 4909 νῦν
408 4861 524 4927 Enger.
544 4866 560 4916 t.
580 4866 595 4916 l.
609 4868 772 4930 vituperavit,
798 4879 866 4926 uuae
885 4868 1036 4918 coniectura
1056 4881 1109 4916 non
1127 4872 1188 4932 apta
1206 4865 1239 4916 ad
1258 4867 1415 4917 sententiam
1435 4880 1499 4916 sane
1519 4880 1572 4916 non
1591 4871 1639 4917 est,
1667 4877 1825 4926 quamquam
1844 4870 1935 4941 aperta
1956 4864 2026 4913 ‹lesi-

237 4931 344 4979 rlerator
365 4937 444 5046 atppqe
468 4931 589 4985 distincta
615 4934 777 4985 continuatio
803 4937 860 4984 eius
883 4935 1039 4991 sententiae,
1058 4946 1136 4996 quarn
1159 4940 1184 4983 et
1206 4933 1304 4984 eborus
1328 4935 1471 5000 expressit:
1496 4930 1527 4983 τὸ
1547 4928 1673 4988 &aridior
1692 4930 1784 4993 μεῖζον
1803 4945 1893 4984 κακον,
1915 4940 1940 4980 et
1960 4928 2025 4981 Τει-

236 5013 322 5048 messa
343 5003 389 5046 n·
436 5023 492 5053 ,γ-
