4674 5880
1153 303 1173 370 7

278 552 330 621 sit.
371 546 474 618 Porro
496 546 535 616 ci.
562 543 607 614 El.
628 541 717 613 3412
742 539 853 609 δεινόν
879 563 919 630 γε
944 539 978 609 α’
1005 535 1113 610 οὖσαν
1139 537 1311 630 πατρός,
1339 537 1386 609 οὔ
1409 536 1456 608 σι)
1481 538 1576 618 παῖς
1596 533 1712 632 ἔφυς,
1739 537 1852 608 κείνου
1876 539 2052 635 λελῆσθαι.

278 653 349 723 Eur.
377 648 472 745 llipp.
499 648 591 718 628:
618 637 788 734 προσθεὶς
810 641 878 735 γὰρ
904 642 925 711 ό
951 641 1129 733 σπείρας
1152 665 1194 712 τε
1220 639 1473 736 κόκθρέφας
1496 639 1636 736 πατήρ
1662 640 1797 733 φερνὰς
1820 663 1976 736 απιρκισ,
2005 665 2058 723 ως

277 751 486 845 ἀπαλλαχθῇ
508 750 632 834 κακοῦ,
660 744 692 814 h.
716 770 745 814 e.
771 743 842 841 ipse
869 760 959 839 pater
987 743 1079 835 litiae,
1106 770 1188 842 quas
1215 742 1244 815 ei
1272 743 1363 814 cordi
1391 767 1467 813 esse
1495 743 1669 838 putaveris,
1701 741 1785 814 adeo
1812 759 1990 832 aversatur,
2023 761 2056 815 ut

276 857 373 928 domo
397 879 457 925 sua
481 849 613 924 exituris
637 845 772 918 libenter
795 846 903 918 dotem
927 848 1023 917 etiarn
1046 847 1153 919 addat.
1184 846 1252 917 lta.
1272 844 1336 915 16:
1359 843 1509 935 πατέρα,
1528 845 1673 937 γεραιόν
1696 845 1744 929 θ’,
1767 844 1790 939 ή
1814 845 1879 939 σφ’
1902 842 2054 934 ἔτικτε,

272 956 451 1054 μητέρας
477 955 589 1024 mirum
614 948 708 1037 euim,
735 975 775 1022 ne
802 963 935 1021 matrem
963 948 1092 1045 quidem
1118 974 1256 1045 eamque
1283 961 1450 1019 senectute
1476 949 1654 1018 conlectam
1683 973 1722 1018 eo
1750 971 1825 1019 esse
1852 947 1907 1018 lilii
1934 973 2056 1034 amore,

278 1075 312 1132 ut
337 1086 396 1155 pro
427 1084 467 1129 eu
499 1066 633 1124 mortem
665 1064 808 1149 oppetat.
850 1049 1085 1148 Nonnunquam
1117 1053 1179 1135 hae
1215 1049 1395 1121 locutiones
1418 1048 1503 1119 ’nihil
1537 1049 1623 1120 aliud
1655 1049 1717 1120 nisi
1749 1074 1892 1121 amorem
1925 1051 2056 1121 omnino

278 1162 416 1257 produnt
433 1182 473 1228 ac
493 1157 653 1252 pietatem,
672 1167 704 1225 ut
723 1154 771 1225 ai.
796 1155 909 1224 1172:
934 1152 965 1224 ὦ
991 1156 1058 1223 παῖ
1074 1153 1249 1246 πρόσελθε
1272 1152 1381 1242 θεῦρο
1405 1149 1463 1222 καὶ
1486 1150 1629 1232 σταθεὶς
1649 1150 1761 1232 πέλας
1781 1151 1898 1248 ἱκέτης
1917 1148 2055 1249 ἔφαήιαι

278 1259 466 1351 πατρός,
493 1255 542 1339 ὅς
564 1256 599 1327 σ’
627 1254 851 1347 ἐγείνατο.
892 1255 966 1327 Ευτ.
992 1256 1104 1358 Suppl.
1128 1256 1242 1327 1134:
1268 1252 1310 1324 οὐ
1337 1253 1514 1344 πατρὸς
1538 1251 1576 1323 ἐν
1596 1252 1700 1348 χερσὶ
1726 1258 1802 1323 τοῦ
1829 1254 2053 1336 τεκόντος.

277 1369 344 1437 lou.
369 1360 477 1432 1324:
497 1358 590 1455 χαξό
616 1357 647 1429 ὦ
672 1357 751 1453 φίλη
774 1381 836 1448 μοι
857 1359 1013 1459 μήτήρ,
1041 1357 1088 1428 οὐ
1115 1358 1292 1429 τεκοῦσι).
1318 1379 1407 1448 περ.
1449 1357 1553 1443 Quam
1581 1357 1642 1426 vim
1669 1356 1700 1425 in
1728 1356 1921 1453 appellando
1950 1358 2052 1453 potis·

279 1468 394 1538 simum
420 1462 537 1533 habere
564 1460 729 1548 videntur3
756 1484 860 1556 neque
887 1475 994 1532 tamen
1023 1486 1118 1558 nego,
1144 1487 1163 1533 a
1190 1458 1389 1557 pleonasmis
1417 1458 1575 1529 eiusmodi
1599 1457 1688 1529 lucos
1712 1484 1775 1529 non
1801 1458 1898 1557 louge
1923 1460 2052 1531 distare.

276 1567 446 1659 Sophocles
472 1564 598 1636 evitavit
623 1564 697 1650 hoc,
723 1563 811 1658 quud
837 1563 989 1656 Euripidi
1015 1564 1046 1633 in
1074 1562 1196 1634 deliciis
1223 1575 1292 1638 est:
1319 1561 1358 1632 cl.
1384 1561 1442 1631 Ph.
1470 1561 1554 1632 298.
1586 1561 1693 1632 1270.
1730 1560 1794 1655 1ρ6.
1820 1562 1858 1632 Α.
1881 1561 1997 1633 1338:
2024 1561 2054 1632 ὦ

279 1671 454 1739 τεκοῦσα
473 1673 619 1762 μῆτερ.
648 1662 723 1734 Tro.
739 1665 824 1738 459.
846 1665 930 1736 634.
960 1664 1034 1736 llec.
1052 1666 1136 1736 414.
1165 1663 1221 1736 Or.
1241 1664 1323 1735 196.
1351 1663 1398 1734 El.
1418 1663 1526 1734 1185.
1555 1662 1673 1734 Aesch.
1690 1662 1779 1734 Eum.
1797 1664 1884 1734 319:
1902 1670 2053 1755 μᾶτερ,

279 1769 367 1862 ἅμ’
398 1764 594 1853 ἔτικτες,
627 1765 658 1836 ὦ
685 1773 800 1858 μᾶτερ
835 1765 913 1848 Νόξ.
953 1808 997 1817 -
1031 1767 1104 1837 Eur.
1134 1767 1210 1839 Tro.
1242 1767 1357 1838 1288:
1390 1763 1515 1856 Κρόνιε
1546 1762 1711 1858 γενέτα
1744 1766 1889 1858 πάτερ
1924 1766 2053 1838 Hecuba

277 1885 470 1970 praepotens
502 1869 585 1940 lovis
617 1892 733 1940 numen
767 1884 947 1951 veneratur,
979 1883 1012 1940 et
1043 1870 1108 1940 lou.
1138 1868 1225 1940 136:
1265 1865 1392 1965 Φοῖβός
1416 1890 1478 1958 μοι
1508 1865 1710 1960 γενέτωρ
1742 1869 1892 1963 πατήρ
1924 1869 2055 1965 generis

276 1973 426 2046 nobilitas
454 1971 579 2043 videtur
602 1971 752 2056 iudicari;
778 1973 819 2042 ci.
844 1971 963 2043 Aesch.
984 1971 1098 2071 Suppl.
1119 1971 1212 2043 576:
1239 1969 1386 2066 πατήρ
1413 1965 1673 2064 φυτουργὸς
1696 1967 1859 2064 αὐτόχειρ
1885 1971 1952 2041 κτλ.
1991 1971 2054 2042 lam

274 2102 351 2148 vero
378 2099 463 2169 quae
490 2074 519 2145 in
547 2071 597 2143 illa
625 2097 699 2144 cum
717 2073 844 2172 Oedipo
870 2073 1089 2151 altercatione.
1117 2072 1334 2144 illustrissimo
1356 2071 1436 2143 artis
1453 2069 1657 2169 Sophocleae
1680 2071 1883 2159 documento,
1910 2072 2054 2145 Tiresias

274 2179 318 2250 ab
350 2178 432 2249 irato
465 2201 543 2273 rege
575 2175 783 2247 discessurus
815 2177 1006 2275 pronunciat
1031 2176 1110 2249 0.R.
1136 2175 1228 2249 435:
1255 2176 1356 2271 ἡμεῖς
1379 2173 1498 2244 τοιοίδ’
1524 2170 1668 2268 ἔφυμεν,
1703 2177 1756 2256 ὡς
1775 2172 1842 2264 μὲν
1868 2173 1923 2244 σοὶ
1948 2175 2053 2263 δοκεῖ,

271 2285 399 2371 μῶροι,
431 2281 597 2370 γονεῦσι
629 2277 662 2348 θ’
695 2274 739 2347 οἵ
761 2277 795 2347 α’
822 2274 998 2372 ἔφυσαν,
1031 2275 1215 2374 ἔμφρονες,
1249 2279 1280 2348 in
1308 2277 1347 2348 iis
1374 2276 1545 2348 verborum
1573 2276 1704 2347 ubertas
1730 2276 1886 2372 singulari
1915 2276 2054 2374 quadam

275 2382 434 2480 sapientia
467 2381 612 2476 quaesita
644 2395 791 2477 apparet.
833 2380 977 2454 Tiresias
1009 2381 1094 2455 enirn
1127 2405 1191 2452 aon
1225 2379 1357 2450 dubium
1388 2392 1440 2450 est
1466 2379 1542 2475 quin
1571 2377 1687 2476 Oedipi
1713 2379 1851 2449 animum
1879 2380 2054 2450 adrerum

275 2483 346 2555 eius
373 2481 529 2575 originem
556 2483 725 2554 advertere
751 2483 899 2570 studeat;
930 2485 1017 2580 quod
1046 2509 1108 2554 non
1137 2483 1256 2553 lrustra
1283 2506 1355 2552 euru
1384 2483 1503 2565 lacere,
1530 2506 1570 2551 ex
1596 2506 1636 2551 eo
1663 2480 1857 2574 intelligitur,
1885 2482 1972 2578 quod
2000 2508 2054 2553 rex

276 2585 483 2684 perturbatus
509 2585 703 2683 respondet:
734 2583 924 2670 ποῖοισι;
946 2588 1075 2677 μεῖνον,
1103 2583 1152 2666 τίς
1174 2583 1216 2654 δέ
1238 2584 1278 2674 μ’
1307 2581 1426 2678 ἐκφύει
1457 2582 1616 2681 βροτῶνς
1648 2607 1719 2653 curn
1747 2607 1832 2680 quae
1860 2583 1956 2681 paulo
1983 2601 2056 2655 ante

275 2715 304 2761 v.
333 2689 417 2758 417.
447 2685 627 2785 simplicius
654 2688 695 2759 de
722 2685 824 2785 ipsius
851 2689 1041 2787 parentibus
1068 2711 1167 2758 seueri
1194 2687 1392 2775 memoravit,
1425 2709 1561 2762 securus
1593 2682 1646 2754 ille
1678 2684 1865 2782 neglexerit.
1907 2686 1948 2756 At
1979 2714 2056 2757 vero

277 2789 442 2884 quaerenti
470 2788 547 2859 mihi
574 2814 638 2860 nou
666 2788 807 2881 contigit,
835 2803 868 2861 ut
894 2790 1043 2862 idoneam
1071 2790 1226 2860 rationem
1254 2786 1467 2885 explorarem.
1494 2813 1556 2884 qua
1585 2786 1754 2857 ventorum
1778 2788 1873 2887 copia
1896 2787 1951 2859 Tr.
1968 2789 2056 2859 311:

276 2891 325 2971 τίς
349 2893 372 2985 ή
399 2893 567 2978 τεκοῦσα;
597 2889 648 2973 τίς
669 2892 703 2961 θ’
729 2891 750 2961 ό
776 2891 971 2983 φιτύσας
994 2893 1161 2986 πατήρ;
1193 2905 1269 2989 apte
1296 2904 1409 2986 posset
1435 2889 1609 2988 explanari.
1651 2888 1760 2978 lmmo,
1791 2892 1819 2962 si
1847 2890 1924 2987 quid
1952 2891 2056 2975 video,

275 2992 466 3065 Trachinlae
492 3019 511 3064 a
538 2995 669 3092 propria
696 2992 854 3064 orationis
885 2991 1093 3092 Sophoclcae
1120 2992 1280 3090 elegantia
1308 2992 1461 3064 recedere
1489 2991 1652 3090 paululum
1680 3017 1720 3062 ae
1747 2991 1959 3090 degenerare,
1994 2994 2056 3063 huc
2097 3067 2100 3071 ,

275 3117 407 3193 quoque
435 3092 507 3166 loco
534 3095 716 3167 edocemur.
772 3096 871 3167 Cuius
898 3096 1116 3194 negligentiae
1143 3096 1300 3193 exempla,
1333 3109 1366 3164 ut
1392 3096 1478 3193 apud
1506 3092 1700 3191 Sophoclem
1728 3107 1956 3194 praeterquam
1983 3095 2056 3173 hec,

276 3195 364 3295 qued
392 3197 488 3269 modo
515 3196 591 3268 dixi.
619 3196 705 3269 nulla
734 3197 1030 3296 deprehenduntur,
1057 3200 1105 3271 sic
1134 3199 1164 3267 in
1191 3197 1353 3296 Euripidis
1382 3195 1497 3268 sabulis
1525 3197 1736 3271 disseminata
1764 3196 1853 3291 larga
1879 3205 2057 3294 coeperunt

132 3324 141 3333 ·
276 3325 350 3373 sese
368 3300 547 3371 ellandere:
572 3301 611 3371 cl.
634 3299 703 3371 llel.
723 3301 791 3372 86:
813 3297 924 3391 ὄνομα
947 3300 1014 3392 μὲν
1040 3304 1117 3397 ήμῖν
1145 3298 1304 3390 Τεῦκρος,
1332 3300 1352 3369 ό
1379 3298 1421 3369 dt
1446 3298 1582 3394 φόσας
1605 3298 1743 3394 πατήρ
1776 3299 1945 3389 Τελαμών.
1987 3300 2052 3397 lpb.

277 3400 313 3472 i.
333 3404 424 3474 472:
451 3401 499 3483 τίς
523 3398 596 3492 ιλρα
618 3403 758 3498 μήτήρ
785 3403 808 3497 ή
836 3403 997 3473 τεκοῦσ·
1023 3405 1116 3483 ὑμᾶς
1139 3424 1235 3489 ποτε,
1262 3401 1379 3495 πατήρ
1406 3402 1431 3471 τ’
1454 3401 1589 3495 ἀδελφή
1617 3423 1670 3475 πει
1696 3401 1784 3473 499;
1811 3400 1866 3472 σοὶ
1891 3402 1920 3471 θ’
1945 3399 2055 3492 ὄνομα

277 3507 371 3574 ποῖον
397 3501 495 3575 ἔθεθ’
521 3504 541 3574 ό
568 3495 798 3599 γεννήσας
822 3506 994 3600 πατήρ;
1031 3505 1077 3575 El.
1104 3505 1195 3575 964:
1230 3503 1292 3598 τήν
1317 3507 1485 3574 τεκοῦσαν
1511 3503 1533 3598 ἥ
1558 3503 1593 3594 μ’
1620 3501 1832 3595 ἐγείνατο
1859 3509 1923 3594 (sc.
1949 3504 2052 3595 ὁρῶ).

277 3603 323 3672 tlt.
350 3605 398 3676 Fr.
419 3607 542 3703 Adesp.
563 3608 648 3691 461,
678 3609 727 3677 1.τ
754 3605 826 3699 ἐγὼ
850 3608 930 3698 γάρ,
956 3605 988 3677 εἰ
1009 3611 1088 3677 νοῦν
1111 3603 1175 3700 εἶχ’
1199 3600 1250 3696 ἔμ’
1274 3606 1293 3675 ό
1317 3604 1667 3702 σπείραςπατήρ,
1694 3606 1890 3701 ήπιστιλμήν
1912 3606 1979 3675 κτλ.
2008 3650 2052 3657 -

379 3708 411 3776 2.
465 3709 633 3780 rldduntur
665 3711 758 3779 etiam
792 3710 924 3779 verbis
951 3709 1000 3780 vel
1032 3708 1285 3780 substantiva
1314 3706 1363 3780 vel
1389 3708 1590 3779 adiectiva
1618 3706 1668 3778 vel
1694 3708 1881 3779 adverbia
1909 3709 2054 3780 eiusdem

206 3848 209 3853 ·
278 3810 344 3877 lere
368 3806 622 3902 significationis,
649 3811 766 3908 quibus
791 3810 914 3882 illorum
940 3812 988 3882 nis
1015 3824 1171 3904 augeatur
1194 3824 1226 3880 et
1248 3809 1472 3907 amplificetur.
1496 3825 1529 3881 ut
1546 3809 1599 3881 Tr.
1618 3811 1729 3881 1171:
1757 3806 1890 3904 ἔφασκε
1909 3811 2057 3904 μόχθων
2120 3856 2122 3861 -

277 3914 344 3978 τῶν
362 3906 568 4002 ἐφεστώτων
587 3911 665 4003 ἐμοὶ
687 3911 800 3983 λύσιν
823 3914 1044 3983 τελεῖσθαι.
1080 3913 1157 3984 Ολί.
1181 3913 1292 3984 172οε
1317 3907 1440 3981 ἔλυσε
1463 3911 1585 3993 τέλος
1599 3916 1659 3982 τοῦ
1675 3911 1765 4009 βίον,
1786 3911 1826 3984 cl.
1847 3912 1925 3983 Oli.
1946 3914 2052 3984 1529.

285 4015 371 4081 Wea.
400 4010 441 4080 ad
465 4011 536 4083 llnt.
557 4018 640 4086 671.
683 4019 793 4087 aaut.
822 4017 864 4086 ad
888 4017 961 4086 Eur.
983 4017 1077 4113 llipp.
1097 4017 1170 4086 86..
1197 4039 1281 4108 quae
1306 4014 1485 4086 locutiones
1510 4017 1654 4111 proxime
1677 4015 1796 4085 absunt
1819 4040 1835 4083 a
1862 4015 1961 4110 ligura
1987 4029 2054 4108 ety-

278 4111 447 4205 mologica,
473 4113 514 4183 de
533 4142 595 4210 qua
614 4116 791 4189 incredibili
810 4118 974 4217 diligentia
995 4119 1143 4216 exposuit
1161 4119 1292 4188 Lnltecls.
1316 4114 1418 4188 Paral.
1440 4144 1471 4214 p.
1487 4116 1571 4189 501.
1593 4144 1667 4214 sqq.
1690 4118 1741 4169 —'
1756 4116 1849 4187 Addo
1868 4117 1948 4188 Oli.
1964 4117 2056 4188 996:

278 4219 444 4307 πατρῷον
461 4212 560 4304 αἷμα
573 4217 676 4310 χερσὶ
693 4224 767 4301 ταῖς
782 4220 882 4311 ἐμαῖς
898 4221 1014 4291 ἑλεῖν.
1043 4218 1152 4317 Saepe
1170 4221 1254 4291 enim
1273 4219 1361 4288 ἑλεῖν
1378 4233 1473 4290 sonat
1491 4219 1691 4296 occidere.
1711 4219 1849 4290 utilem.
1867 4218 1898 4290 ll.
1916 4221 1950 4288 4.
1969 4219 2055 4291 457.

278 4312 379 4412 Sapit.
401 4316 458 4388 Ph.
480 4318 563 4388 437.
600 4322 651 4390 Αἰ.
675 4324 782 4395 1056.
820 4323 934 4394 Aesch.
956 4323 1044 4393 Eum.
1067 4322 1149 4395 351.
1187 4322 1351 4415 Significat
1373 4321 1468 4413 igitur
1493 4319 1576 4412 αἷμα
1600 4321 1687 4392 ἑλεῖν
1716 4346 1845 4393 necem
1874 4321 2056 4393 leniendo

278 4430 456 4511 patrare,
484 4419 697 4516 describitque
723 4423 869 4522 Oedipus
896 4426 958 4496 hac
985 4424 1132 4497 ubertate
1159 4425 1310 4495 facinoris
1338 4424 1449 4494 nelarii
1477 4424 1696 4512 atrocitatem
1731 4424 1770 4495 ci.
1797 4424 1869 4494 Eur.
1895 4424 1941 4494 El.
1968 4427 2056 4494 281:

279 4519 425 4608 θάνοιμι,
451 4519 588 4616 μητρός
608 4520 690 4613 αἷμ’
717 4524 968 4621 ἐπισφάξαα
993 4526 1090 4623 ἐμῆς.
1132 4529 1240 4613 Quare
1266 4525 1420 4596 hocloco
1445 4525 1505 4596 vim
1531 4527 1710 4598 sententiae
1734 4551 1848 4597 vereor
1872 4526 2056 4597 coniectura

279 4617 403 4710 tollere,
428 4648 511 4716 quae
535 4623 564 4694 in
588 4633 741 4722 promptu
760 4643 825 4714 est3
851 4627 957 4700 solent
979 4631 1063 4701 enim
1085 4627 1200 4720 αἷμα.
1227 4627 1353 4719 ὄμμα,
1377 4633 1495 4720 σῶμα
1517 4628 1677 4716 conlundi,
1708 4629 1748 4701 ci.
1770 4629 1843 4699 Eur.
1866 4630 1922 4700 l'h.
1947 4630 2054 4700 1502.

280 4721 403 4815 Fragm.
429 4724 512 4796 862.
544 4769 587 4777 -
620 4728 721 4799 Porro
748 4730 820 4799 vide
849 4733 895 4800 Αἰ.
923 4732 1015 4803 243:
1047 4733 1154 4802 κακὰ
1180 4732 1388 4810 θεννιόζιον
1411 4731 1567 4824 ῥήματα.
1612 4732 1726 4803 1185:
1755 4730 1905 4812 νέατος
1927 4731 2053 4823 λήξει.

281 4822 394 4893 1137:
418 4823 554 4920 λάθρᾳ
575 4827 617 4898 σθ
640 4830 842 4926 κλέφειας
860 4834 963 4916 κακά,
988 4834 1176 4928 quibuscum
1200 4834 1338 4905 conferri
1364 4833 1436 4903 licet
1459 4834 1529 4904 Ant.
1546 4834 1638 4904 493:
1657 4832 1839 4914 κλοπεὺς
1858 4841 1925 4903 τῶν
1943 4832 2057 4926 μήθὲν

277 4925 399 5014 ὀρθῶς
423 4922 468 4994 ἐν
494 4931 627 5022 σκότιρ
656 4933 898 5024 τεχνωμένωνε
933 4935 1036 5031 ipsuru
1063 4936 1217 5006 κλέπτειν
1240 4937 1324 5007 euim
1352 4934 1458 5011 ..clara
1486 4935 1606 5033 aliquid
1635 4943 1850 5034 perpetrare‘
1877 4934 2056 5029 significan

278 5029 318 5098 ol.
348 5030 462 5098 Stulta.
500 5031 540 5098 ad
568 5032 647 5104 l'lat.
679 5033 778 5132 legg.
809 5033 860 5106 lll.
900 5064 931 5133 p.
961 5040 1045 5108 876.
1085 5038 1119 5108 Β.
1158 5080 1201 5090 --
1242 5037 1286 5107 El.
1318 5038 1405 5109 331:
1444 5041 1549 5131 θομῴ
1576 5038 1740 5131 ματαίῳ
1772 5037 1822 5131 μή
1850 5035 2057 5130 χαρίζεσθαι
