4674 5880
1055 296 1187 407 ...b
1260 400 1311 407 ,.

277 538 325 608 ris
348 535 401 626 sit,
427 533 597 629 participio
617 533 664 606 vel
689 533 836 607 delinitur
859 533 1039 607 accuratius
1058 534 1106 607 vel
1130 536 1357 632 amplificatur:
1381 556 1414 610 ut
1434 536 1485 612 Tr.
1508 542 1599 618 427τ
1626 545 1689 616 οὐκ
1712 544 1896 637 ἐττιόμοτος
1915 544 2048 639 λέγων

276 638 421 732 δάμαρτ’
449 633 652 732 ἔφασκες
669 634 836 730 Ἠρακλεῖ
855 637 981 734 ταόττρ
1007 635 1119 731 ἄγους
1147 640 1218 711 Ant.
1242 642 1356 714 1054:
1382 640 1440 711 καῖ
1461 645 1532 740 μὴν
1557 647 1696 739 λέγεις
1718 649 1834 746 ψευδῆ
1856 671 1904 740 με
1929 653 2049 721 uem·

277 743 343 824 ζειν
365 739 506 832 λέγων.
527 740 603 812 0.C.
626 740 738 813 1327:
767 736 1008 830 ἱκετεύομεν
1034 737 1227 830 ξόμτταντες
1252 741 1725 836 ἐξαιτούμενοι-εἰκαθεῖν,
1753 751 1840 848 quod
1867 750 1952 822 idem
1980 753 2050 825 iere

277 844 361 918 valet
377 854 488 938 atque:
506 842 703 934 ἱκετεόομέν
720 866 760 912 σε
779 841 906 922 πιόντες
921 838 993 911 οἵδε
1011 841 1233 935 τρόστροαυι.
1258 846 1352 937 (Oli.
1370 848 1447 936 41.)
1470 848 1777 923 ο1.1)1ι.773.0.1ἶ.
1798 852 1903 923 1309.
1920 854 1980 925 50.
1998 854 2045 926 Αἰ.

278 948 365 1021 831.
385 988 429 1000 -
456 945 607 1017 Eiusdem
627 946 757 1044 generis
776 958 826 1016 est
845 944 891 1014 ai.
911 944 1021 1019 ttut:
1049 950 1229 1020 σπεῦσον
1254 952 1453 1047 ταχόνας,
1482 952 1511 1021 b.
1532 976 1560 1022 e.
1581 953 1727 1044 ταχέως,
1756 965 1929 1051 notumque
1956 955 2049 1029 illud:

276 1048 499 1149 φεύγοντα
525 1049 678 1144 φυγεῖν
705 1074 757 1148 ap.
779 1047 857 1121 Plat.
880 1049 973 1150 ilipp.
995 1053 1067 1123 mai.
1088 1080 1120 1152 p.
1141 1054 1225 1125 292.
1247 1054 1282 1125 Α.
1303 1057 1343 1125 oi.
1367 1056 1528 1125 Wernielre
1545 1054 1586 1124 ad
1606 1053 1779 1151 l'rypbiod.
1801 1056 1886 1128 298.
1905 1070 1938 1129 et
1963 1057 2046 1133 333.

278 1158 410 1227 Porsen.
432 1151 472 1226 ad
496 1152 569 1224 Eur.
591 1152 649 1224 Pb.
673 1152 779 1226 1231.
803 1157 916 1225 όιτιιό.
938 1154 972 1226 S.
993 1180 1024 1252 p.
1046 1157 1129 1228 275.
1176 1156 1242 1229 Nec
1269 1155 1425 1228 dissimile
1453 1169 1503 1228 est
1529 1158 1616 1254 quod
1643 1158 1762 1228 chorus
1789 1156 1955 1229 exsultans
1982 1158 2047 1233 lao-

277 1259 344 1330 titia
372 1258 450 1330 dicit
476 1259 538 1339 llnt
576 1257 661 1330 tou:
694 1255 789 1336 ἀκτὶς
817 1254 934 1328 ἀελίου
966 1256 1003 1328 τό
1036 1257 1514 1354 κόλλιστον-φανὲν-φόος.
1548 1256 1770 1354 ἐφόνόης,
1803 1259 2045 1362 delenditunpue

277 1361 435 1434 eiusmodi
468 1358 549 1432 loeis
583 1359 736 1430 librorum
768 1358 928 1456 scriptura
961 1386 1013 1458 ap.
1040 1359 1134 1430 Arist.
1162 1361 1241 1459 Equ.
1262 1362 1354 1434 526:
1390 1357 1431 1441 ὃς
1459 1360 1578 1454 πολλῷ
1604 1360 1781 1454 ,όεόσας
1809 1364 1886 1431 ποτ’
1914 1362 2045 1459 ἐτταόυῳ

275 1464 333 1535 διδ
351 1467 421 1533 τῶν
437 1461 576 1557 ἀφελῶν
596 1461 722 1533 πεδίων
739 1456 860 1553 ἔρρει
878 1478 988 1533 comra
1009 1466 1178 1534 Fritzsebii
1201 1465 1362 1552 [Quaestt.
1385 1464 1480 1534 Arist.
1502 1488 1533 1558 p.
1554 1463 1657 1550 259.)
1682 1465 1899 1534 coniecturam
1914 1466 2045 1564 ρὲᾠας,

279 1588 375 1665 quam
409 1563 601 1635 collaudavit
630 1566 804 1635 Hermann.
835 1562 1033 1653 (Zimmerm.
1054 1565 1189 1662 prem.
1213 1566 1319 1637 1837.
1342 1592 1372 1662 p.
1393 1567 1510 1652 724.);
1543 1565 1585 1635 do
1616 1567 1716 1636 iorma
1748 1579 1853 1637 autem
1885 1568 2047 1667 participii

276 1668 361 1739 illius
381 1668 420 1739 ci.
442 1679 572 1764 praeter
591 1666 727 1763 Lycrng.
748 1665 860 1736 leocr.
881 1693 913 1763 p.
931 1667 1015 1753 160,
1038 1668 1067 1736 1.
1084 1667 1201 1757 (Ptol.)
1220 1668 1261 1738 de
1279 1667 1350 1737 lluv.
1368 1667 1401 1738 3.
1422 1669 1530 1751 410.
1551 1669 1587 1736 1:
1610 1664 1651 1737 ἐκ
1672 1667 1714 1737 δὲ
1736 1671 1796 1738 τοῦ
1815 1668 2053 1761 ρεόσαντος

277 1767 430 1861 abactor.
472 1768 587 1840 lisdem
621 1793 699 1839 usus
731 1768 855 1840 conieci
889 1767 986 1857 (dnn.
1012 1768 1089 1867 pbii.
1115 1768 1231 1868 Suppi.
1256 1767 1349 1840 xvtt.
1376 1795 1407 1869 p.
1429 1771 1532 1857 292.)
1561 1768 1642 1840 Oed.
1668 1772 1702 1840 C.
1728 1770 1813 1843 521.
1841 1769 2047 1844 scribendum

276 1894 368 1947 esser
400 1872 544 1968 ήνεγκον
569 1870 737 1959 κακότατ’,
770 1870 800 1940 ὦ
829 1869 929 1956 ξένοι,
957 1869 1077 1941 ἄκων
1099 1870 1165 1962 μὲν
1193 1871 1400 1964 ἐνεγκών,
1433 1868 1519 1951 iisd<
1542 1867 1636 1956 ἴστω,
1668 1871 1798 1942 τούτων
1823 1870 1905 1966 γὰρ
1938 1870 2047 1943 ἐπα·

275 1973 369 2045 κτόν
388 1973 500 2061 οὐδέν,
520 1973 569 2045 cll.
590 1971 700 2045 Sobo'l.
720 1973 761 2044 ad
779 1973 832 2042 Tr.
855 1973 937 2044 490.
958 1970 1049 2044 Suid.
1071 1998 1097 2043 v.
1117 1972 1225 2064 όρκος
1244 1972 1403 2062 ἐτακτός,
1428 1998 1523 2072 quam
1547 1973 1803 2045 emendationem
1828 1974 2048 2071 comprobavit

275 2077 391 2175 partim
420 2079 453 2147 C.
471 2079 508 2147 F.
523 2078 700 2147 Hermone.
722 2075 818 2165 (Phil.
840 2072 892 2145 tx.
914 2099 944 2172 p.
966 2074 1080 2164 586),
1107 2076 1242 2174 eiusque
1269 2102 1309 2147 ne
1336 2101 1420 2148 nunc
1447 2076 1577 2174 quidem
1605 2101 1657 2147 me
1682 2076 1834 2174 poenitet.
1857 2117 1900 2129 -
1921 2076 2048 2163 Quibus

277 2180 363 2250 addo
376 2178 430 2250 Tr.
450 2179 562 2252 10642
591 2180 716 2271 γενοῦ
736 2201 797 2268 μοι
820 2179 901 2257 ταῖς
922 2175 1094 2274 ἐτήτυμος
1112 2178 1248 2272 γεγώς
1267 2177 1298 2249 b.
1320 2204 1348 2249 e.
1368 2177 1501 2260 δίκαιος
1521 2179 1632 2272 γόνος,
1657 2178 1697 2249 ci.
1713 2183 1751 2250 de
1768 2179 1821 2249 at.
1839 2181 1864 2249 1.
1875 2204 1911 2272 ρ.
1927 2178 2011 2275 usq.
2025 2178 2049 2241 ’l

275 2280 467 2365 Pleonasmo
491 2294 596 2352 autem
620 2282 756 2378 propius
782 2291 832 2352 est
857 2281 928 2350 Atat.
949 2281 1041 2352 764:
1067 2279 1110 2349 αό
1136 2281 1166 2350 τ’
1184 2279 1322 2372 οὐδαμὰ
1349 2279 1473 2372 τοόμόν
1499 2279 1707 2377 προσόψει
1731 2280 1831 2372 κρᾶτ’
1854 2278 1892 2350 ἐν
1917 2278 2049 2376 dodol-

271 2384 352 2476 μοῖς
379 2383 517 2474 δρῶν,
550 2382 667 2480 quibus
698 2397 802 2454 tamen
833 2382 941 2454 verbis
974 2407 1069 2480 quam
1100 2395 1176 2480 apte
1202 2383 1483 2455 vehementissima
1514 2383 1609 2454 animi
1641 2382 1813 2454 commotio
1843 2384 2050 2481 exprimatur,

276 2485 380 2582 quivis
413 2485 530 2582 opinor
560 2485 687 2556 sentiet.
724 2486 797 2570 Quo
829 2485 958 2583 quidem
992 2484 1064 2556 ioco
1097 2487 1138 2555 uti
1173 2485 1311 2556 studium
1343 2509 1382 2556 ac
1415 2484 1609 2556 desiderium
1636 2485 1784 2555 Creontis
1815 2483 1919 2557 oculis
1951 2485 2047 2557 filium

275 2586 476 2685 adspiciendi
505 2587 535 2657 in
563 2610 658 2658 omae
685 2599 812 2685 tempus
840 2610 1000 2684 uunquam
1028 2585 1188 2682 expletum
1216 2587 1252 2656 iri
1281 2585 1460 2656 luculenter
1486 2586 1636 2657 sensibus
1663 2586 1840 2676 subiicitur,
1864 2586 1914 2656 sie
1936 2587 1968 2658 ll.
1988 2586 2046 2659 26.

277 2690 349 2762 316
369 2714 419 2786 sq.
440 2689 551 2760 urbem
571 2692 729 2760 Homerus
755 2688 909 2759 describit
928 2688 1012 2760 velut
1039 2689 1212 2758 continenti
1240 2687 1365 2758 llamma
1394 2689 1559 2759 ardentem
1587 2688 1800 2786 incendioque
1828 2713 1932 2786 usquo
1957 2714 2048 2761 cres·

276 2804 371 2864 cente
396 2814 437 2862 ac
461 2790 658 2889 pervadente
686 2790 779 2863 latius
807 2789 1079 2888 conflagrantem:
1106 2790 1145 2860 ei.
1165 2790 1198 2860 ll.
1222 2791 1278 2860 11.
1304 2791 1361 2862 62.
1383 2789 1423 2862 cl.
1445 2793 1479 2861 8.
1502 2790 1586 2863 556.
1617 2832 1660 2842 —
1690 2791 1784 2876 Quod
1813 2791 1962 2863 nuncium
1988 2791 2048 2863 de-

276 2895 373 2992 nique
400 2892 448 2963 lli.
469 2893 541 2966 757
569 2904 665 2991 poeta
694 2892 852 2964 dicantem
880 2891 971 2964 iacit:
998 2895 1051 2974 ὡς
1074 2887 1159 2988 ἔφη
1186 2891 1349 2985 λέγων,
1381 2894 1616 2990 custodemque
1643 2894 1714 2963 Ant.
1736 2895 1827 2964 227:
1858 2894 1953 2991 ψυχή
1980 2893 2048 2987 γὰρ

276 2995 382 3092 ηὔδα
406 2995 514 3065 αολλό.
533 3018 594 3088 μοι
612 2993 876 3091 μυθουμένη,
902 3019 940 3067 ex
960 2990 1212 3092 cointelligitur,
1235 3019 1330 3093 quam
1351 2996 1515 3093 sapienter
1533 2992 1715 3092 Sophocles
1734 2995 1889 3067 orationis
1906 2996 2048 3095 colorem

277 3170 358 3220 ratur,
386 3170 473 3215 tamen
499 3179 530 3215 er
552 3162 704 3221 viatoribus.
727 3165 786 3232 quio
808 3163 885 3223 adsit.
908 3163 1055 3217 auditurum
1079 3163 1150 3215 ilium
1174 3179 1234 3217 asae
1255 3164 1397 3216 verisimile
1420 3164 1516 3215 chorus
1538 3164 1615 3215 dieat.
1647 3164 1682 3216 td
1701 3164 1769 3215 hano
1787 3170 1873 3215 autem
1891 3164 2047 3217 senteutia-

277 3232 347 3284 baec
367 3232 417 3282 iam
437 3231 635 3283 accommodate
655 3232 834 3283 videturesse
853 3233 926 3284 chori
945 3234 1040 3282 oratio:
1062 3229 1134 3282 aiore
1152 3228 1192 3280 κεῖ
1207 3229 1343 3297 βραδὺς

652 3296 761 3354 εῖδει,
786 3294 872 3349 abac
895 3300 960 3348 σσό
977 3297 1054 3364 δεῦρ’
1072 3295 1198 3365 ἀφίξεται
1224 3297 1315 3368 ταχύς.
1335 3300 1360 3352 h.
1374 3317 1396 3352 a.
1409 3304 1448 3357 ut.
1466 3297 1529 3352 licet
1546 3313 1624 3349 arro
1642 3298 1795 3357 edocentur,
1814 3297 1846 3351 όε
1864 3304 1922 3352 tuo
1941 3296 2049 3379 pridem

278 3367 399 3420 aduentu
416 3368 524 3420 edootcoe
543 3365 594 3419 buc
609 3369 751 3434 peruenire
766 3366 946 3433 festinatum
963 3367 1008 3419 rit.
1019 3394 1051 3402 -
1069 3368 1153 3431 Quam
1172 3369 1222 3420 vim
1242 3384 1301 3420 com
1321 3386 1372 3420 non
1391 3376 1489 3423 leniore
1508 3368 1558 3419 boc
1577 3367 1635 3419 loco
1653 3368 1782 3421 adiectivo
1799 3367 1909 3452 βραδύς
1924 3368 2049 3421 tribuisse

281 3437 343 3488 mibi
362 3436 460 3494 videar,
482 3435 551 3487 idem
571 3434 657 3489 iacere
677 3439 712 3488 tt.
725 3432 786 3487 588:
805 3434 977 3502 βραδεῖαν
996 3434 1068 3503 ἡμᾶς
1085 3433 1127 3502 ἄρ’
1147 3435 1162 3485 ό
1181 3434 1261 3503 τήνδε
1280 3435 1327 3504 τήν
1347 3435 1426 3485 όδόν
1446 3437 1558 3498 πέμπων
1578 3431 1710 3500 ἔπεμψεν,
1731 3437 1746 3504 l
1766 3435 1869 3506 ἐφανην
1889 3435 1944 3504 ἐγὼ
1960 3432 2050 3503 βρα-

277 3501 341 3562 δός
356 3505 515 3573 aliquantum
533 3502 632 3555 dubito.
657 3503 729 3556 ilaec
746 3507 815 3556 enim
834 3505 1006 3574 interpretati:
1022 3506 1072 3554 out
1088 3501 1187 3555 Teucer
1201 3519 1275 3555 raro
1291 3518 1332 3554 mr
1347 3505 1429 3560 rniril.
1446 3508 1494 3557 ortt
1512 3517 1559 3568 epo
1578 3503 1677 3556 odanti
1691 3519 1776 3561 ειτο,
1794 3509 1882 3572 inepto
1899 3505 2049 3575 loquentem

278 3574 388 3625 iacimus
406 3573 540 3628 nuncium.
557 3574 601 3640 qui
619 3573 669 3624 boo
686 3589 739 3624 oon
753 3580 843 3650 potest
859 3575 987 3632 dubitare,
1005 3574 1067 3641 quin
1085 3588 1145 3625 sero
1165 3575 1222 3640 ipse
1236 3576 1342 3625 venerit.
1361 3574 1398 3625 Ad
1417 3589 1471 3625 rem
1489 3575 1686 3626 accommodate
1702 3576 1741 3626 sic
1758 3574 1869 3624 diceret:
1886 3579 1935 3625 out
1951 3572 2051 3629 Teucer

275 3655 349 3690 arro
368 3654 408 3691 me
425 3637 507 3696 misit,
525 3641 575 3691 out
592 3654 641 3708 epo
661 3638 803 3693 tardior
819 3638 862 3709 soi
879 3644 922 3703 (ut
939 3654 1011 3691 aero
1031 3636 1204 3700 advenirem).
1232 3640 1315 3704 Quam
1335 3641 1440 3711 quidem
1460 3656 1519 3692 esse
1537 3641 1587 3692 rim
1607 3642 1754 3698 verborum.
1773 3641 1848 3692 iecila
1866 3642 2050 3697 concederem.

279 3709 301 3758 si
325 3716 423 3759 certum
448 3714 527 3763 esset,
549 3706 722 3772 βραδεῖαν
747 3707 830 3759 ὁδόν
854 3707 1003 3770 πέμπειν
1026 3710 1187 3775 significare:
1210 3725 1286 3760 sero
1309 3714 1456 3761 mittere.
1482 3711 1558 3759 Certe
1576 3708 1692 3762 tasas:
1714 3707 1762 3767 ἔδυ
1782 3706 1899 3778 χρόνῳ
1920 3708 2052 3777 βραδεῖ

276 3773 368 3838 μολόν
385 3793 437 3828 non
456 3792 486 3827 ea
503 3784 572 3832 auat.
588 3792 656 3845 quaa
675 3793 778 3830 omnem
798 3778 860 3830 mibi
877 3777 1031 3846 scrupulum
1053 3780 1174 3829 eximant.
1197 3778 1270 3829 saue
1288 3795 1356 3848 quaa
1373 3779 1470 3830 chorus
1486 3778 1641 3846 respondet:
1660 3779 1686 3830 ri
1701 3778 1727 3829 δ’
1746 3774 1804 3828 ἔστι
1819 3777 1942 3846 χρείας
1958 3773 2047 3844 τῆσδ’

281 3842 526 3905 ὑπεσπανισμένννς
545 3858 612 3911 quae
631 3846 765 3914 requirere
785 3847 912 3902 videntur.
932 3861 983 3911 quo
1003 3853 1063 3914 apte
1083 3845 1236 3897 referantur.
1266 3845 1395 3909 Quocirca
1416 3847 1600 3912 corrigendum
1620 3864 1679 3899 esse
1698 3835 1823 3898 arbitror:

631 3912 778 3981 ἀγρεῖον
796 3914 870 3981 ἡμᾶς
887 3911 930 3980 ἄρ’
949 3913 964 3961 ό
983 3910 1065 3980 τήνδε
1083 3912 1130 3980 τήν
1149 3911 1213 3964 όδόν
1523 3930 1530 3943 ν

630 3973 741 4044 πέμπων
761 3979 894 4046 ἔπεμψεν.
914 3982 930 4051 ή
950 3981 1054 4049 ἐφάνην
1074 3980 1129 4048 ἐγὼ
1146 3980 1263 4048 βραδύς,
1282 3982 1306 4034 b.
1320 3998 1356 4033 e.:
1372 3981 1478 4048 [mistro
1492 3981 1577 4047 icitur
1593 3980 1691 4034 Teucer
1704 3995 1815 4048 operam
1827 3982 1901 4035 dedit
1912 3983 2044 4047 (ignorans

276 4049 408 4105 nimirum.
428 4048 475 4100 bac
495 4049 608 4103 mandati
628 4066 708 4120 opera
728 4048 798 4103 nibil
814 4049 932 4119 profici),
951 4053 980 4101 ut
1000 4048 1134 4101 mundata
1153 4047 1204 4100 bue
1222 4049 1359 4118 deferrem,
1380 4053 1428 4100 aut
1447 4062 1494 4116 τρο
1514 4049 1622 4101 tardior·
1637 4048 1687 4116 sui.
1705 4077 1736 4085 -

361 4133 383 4186 ll
428 4135 498 4187 llaec
517 4137 669 4188 memoriam
685 4134 803 4188 leierunt
823 4152 913 4188 eorum
934 4152 1000 4204 quae
1020 4137 1079 4186 liar
1099 4134 1161 4186 dicit
1181 4135 1294 4186 licit:
1319 4131 1394 4200 εἴπερ
1420 4132 1559 4193 δικαίως
1581 4131 1653 4183 ἔστ’
1677 4133 1764 4195 δρός
1787 4135 1825 4188 τό
1849 4123 2044 4207 πατρόθεν,

277 4204 352 4255 cuius
370 4203 421 4255 loci
440 4200 598 4288 Priscioam
615 4207 674 4256 sine
692 4205 772 4294 dubip
792 4207 909 4257 meminit
928 4201 990 4257 lost.
1002 4201 1078 4260 XVll.
1093 4204 1162 4283 iiii..
1181 4204 1224 4256 ubi
1243 4204 1309 4255 liaeo
1327 4203 1460 4270 leguntur:
1479 4203 1520 4257 So
1525 4203 1673 4324 phaetas
1690 4199 1820 4291 όῖαντφι
1836 4200 1972 4274 δίκαιος
1987 4207 2045 4272 γο-

277 4268 638 4404 :erectissimae
654 4268 1258 4407 lllllssil·..litttittsst’tttlttttt
1277 4269 1657 4407 lilittt‘tttilatl‘lti
1676 4262 2045 4409 111)’.1Ζὲξ1ῖέ.“.ἕ11,3ξ

276 4423 329 4459 noo
349 4412 481 4474 exegerim
499 4425 549 4460 suo
567 4410 626 4463 loco
644 4405 730 4476 εἴπερ,
752 4410 839 4461 malim
861 4409 984 4478 equidem
1006 4416 1096 4475 utpote
1117 4410 1151 4460 ab
1172 4409 1258 4459 aliena
1280 4423 1358 4459 manu
1380 4411 1496 4476 proiecta
1519 4409 1614 4460 eiicere
1637 4407 1706 4471 ἐμός
1725 4405 1766 4461 τά.
1787 4416 1852 4470 (1⁰³⁰
1874 4399 1976 4453 ltvlllffl
1995 4399 2047 4449 ⁰5³¹

277 4474 354 4527 iallor
371 4475 404 4527 ad
424 4492 516 4529 versus
534 4492 658 4531 numeros
677 4477 859 4530 conficiendos
878 4484 1000 4545 poterant
1019 4478 1147 4546 irrepere.
1179 4476 1256 4540 Quod
1275 4478 1297 4528 si
1316 4492 1405 4528 verum
1425 4485 1471 4529 est.
1491 4493 1542 4527 noo
1561 4477 1628 4529 male
1647 4475 1741 4538 corrigi
1760 4467 1903 4548 concedes:
1927 4460 1971 4517 ΔΙ
1975 4458 2002 4514 K
2005 4459 2048 4515 όΙ

278 4537 636 4611 ocmotcrtttarpausv
655 4544 707 4596 κτλ.
727 4545 752 4597 b.
766 4560 787 4597 e.
801 4541 879 4611 εἴπερ
897 4541 1036 4601 δίκαιός
1052 4542 1179 4606 poderi
1198 4541 1338 4609 πατρόθεν
1355 4541 1467 4609 γόνος.
1486 4544 1517 4595 ei.
1530 4541 1594 4596 0.C.
1607 4545 1669 4595 ²15:
1691 4538 1762 4593 τίνας
1779 4532 1807 4586 tl
1820 4548 2046 4611 σπερματίας-τᾳ·

275 4608 388 4677 epten.
419 4606 443 4660 Γ
442 4610 526 4670 όνος
542 4622 629 4665 autem
648 4622 758 4682 propter
774 4614 957 4666 antecedentis
976 4630 1069 4664 versus
1089 4621 1230 4665 extremum
1251 4612 1405 4664 vocabulum
1424 4609 1532 4678 φόνον
1552 4614 1628 4666 iaoiie
1646 4607 1783 4662 intercidit.
1801 4632 1834 4640 -
1852 4601 1916 4657 ltem
1935 4611 2046 4656 evanuit.

166 4725 172 4737 .
276 4681 346 4748 quod
365 4683 508 4748 antiquitus
526 4683 653 4751 seriptum
672 4691 737 4742 erat,
755 4683 791 4734 tt.
806 4683 863 4734 300.
885 4678 1067 4733 Briieroaudio
1087 4684 1158 4733 enim
1177 4684 1315 4737 assentior,
1335 4679 1368 4729 ἐν
1388 4679 1553 4742 ποίμναις
1569 4679 1692 4730 πίτναν
1712 4681 1736 4726 ct
1755 4674 1923 4741 depravatum
1943 4687 2002 4722 esse
2021 4676 2046 4719 et

274 4750 424 4817 importune
443 4764 458 4800 e
476 4747 570 4801 5185.
586 4752 698 4802 ascitum
720 4752 886 4803 existimanti.
914 4746 1004 4819 laepia
1025 4752 1105 4806 enim.
1127 4765 1185 4802 oum
1203 4765 1226 4798 ν.
1244 4749 1302 4799 207.
1321 4748 1459 4801 Τοεειιεεεα
1480 4750 1639 4816 exposuerit.
1659 4756 1725 4806 (tim
1747 4741 1839 4794 belim
1858 4743 1917 4820 Αἰξί
1937 4738 2045 4791 tl⁰ffl⁰¹¹¹

275 4833 349 4869 suam
371 4816 550 4874 introduxerit.
572 4817 688 4886 quidque
709 4818 800 4870 iecerit
825 4821 864 4873 iis.
887 4818 950 4869 iilud
973 4819 1048 4882 quari
1069 4818 1201 4870 adhaeret.
1228 4817 1353 4868 Fortasse
1375 4819 1483 4882 vestigia
1505 4825 1690 4874 eorumquae
1712 4829 1727 4861 u
1748 4817 1825 4877 puel·
1846 4815 1943 4876 scribla
1965 4814 2047 4859 “⁸¹¹¹-

277 4886 399 4937 oimirum
441 4901 505 4954 rope
528 4890 663 4939 exstincta.
684 4885 779 4938 similia
801 4889 834 4938 iis
856 4895 938 4942 erant.
960 4887 1057 4950 quibus
1078 4888 1160 4938 oratio
1183 4894 1240 4953 post
1263 4886 1365 4936 foedata
1388 4894 1435 4939 est.
1462 4884 1530 4947 Quid
1549 4897 1609 4933 vero
1628 4882 1765 4957 scripserit
1781 4877 2047 4954 Sophocleapquatu·

277 4965 354 5016 uuam
377 4953 403 5005 di
434 4955 482 5007 cile
505 4961 543 5006 est
565 4954 693 5010 divinare,
716 4955 859 5018 perieulum
882 4963 968 5006 tameo
992 4956 1093 5006 iaciant.
1124 4953 1154 5005 Et
1174 4954 1206 5005 ad
1229 4955 1383 5005 sententiam
1405 4950 1628 5004 accommodatum
1648 4954 1673 4998 et
1691 4965 1704 4997 a
1724 4947 1855 4998 literarum
1875 4940 2045 4997 similitudine

276 5023 339 5074 satis
359 5022 495 5085 probabile
515 5023 616 5075 videtur
633 5039 706 5075 esse:
726 5020 759 5071 ἐν
779 5018 927 5083 τόλμαις
943 5024 1083 5089 φρενῶν
1104 5023 1134 5073 ci.
1148 5039 1171 5072 v.
1186 5023 1225 5073 tu.
1239 5022 1299 5074 Eur.
1313 5021 1351 5073 ΕΙ.
1364 5024 1422 5072 277.
1441 5017 1496 5087 lpb.
1510 5017 1536 5066 Τ.
1549 5016 1607 5066 uua.
1620 5042 1653 5050 --
