4674 5880
1256 295 1279 361 8

1118 393 1185 401 —n—

378 533 494 619 κενά,
528 534 580 604 ubi
608 532 671 601 vid.
692 529 896 603 Schneidew.
935 528 1085 601 Fucatum
1112 557 1216 629 prope
1242 532 1377 602 nitorem
1404 528 1564 627 altiusque
1591 543 1817 627 exaggeratam
1845 533 2023 603 orationem
2045 528 2154 604 babes

380 636 411 706 in
439 634 489 706 bis
516 633 698 732 Euripideis
725 632 803 704 Heu.
824 633 912 704 488:
947 631 970 727 ἢ
1001 631 1106 713 δόξαν
1138 629 1283 714 ἀλλιος
1312 632 1415 727 τήνάε
1446 636 1634 727 κεκτῆσθαι
1660 633 1806 730 μάτην
1838 633 2003 731 ᾡευάῆ,
2036 634 2154 731 quibus

378 736 475 836 paulo
502 736 682 809 astrictiora
709 735 802 806 baec:
830 735 907 806 lleo.
936 733 1023 807 335:
1055 734 1149 828 λόγοι
1179 733 1270 826 πρὸς
1299 731 1428 824 αἰθέρα
1459 735 1606 828 φροῦάοι
1633 735 1747 832 μάτην
1774 734 1945 830 ῥιφέντες.
1976 778 2020 788 -
2051 737 2154 808 Porro
2247 729 2252 737 ’

379 840 418 911 cl.
439 838 519 911 Phil.
540 840 650 911 1348:
674 834 758 908 ἀνω
779 835 989 935 βλέποντα
1012 834 1099 907 κοάκ
1121 835 1263 933 ἀφῆκας
1283 832 1460 917 εῖςἎιάου
1479 835 1607 927 μολεῖν,
1632 837 1810 935 b.e.apud
1830 839 2154 935 supermanantem,

380 941 432 1013 ubi
457 938 530 1012 ἄνια
554 940 682 1013 accedit
708 939 750 1011 ob
774 964 813 1012 ea
837 963 922 1036 quae
945 951 1140 1036 sequuntur:
1166 936 1251 1010 κούκ
1273 937 1415 1034 ἀφῆκας
1434 938 1502 1009 κτλ.
1524 980 1568 989 -
1590 939 1695 1037 Atque
1722 940 1765 1010 uti
1788 939 1861 1010 Ant.
1882 942 1971 1012 700:
1996 939 2153 1039 ἐρεμνὴ

379 1045 455 1137 σῖγ’
478 1041 666 1138 ἐπέρχεται
688 1041 790 1137 φάτις
810 1040 926 1113 dieitur
949 1053 981 1111 et
1004 1040 1048 1112 lb.
1068 1041 1132 1113 83:
1158 1045 1294 1138 κρυφη
1319 1039 1488 1111 κεύθειν
1512 1052 1590 1112 etv.
1613 1042 1724 1114 1254ι
1749 1048 1887 1139 κρυφῆ
1913 1031 2152 1132 καλύπτειν,

379 1147 429 1219 sic
460 1145 506 1217 ΕΙ.
540 1146 622 1219 159.
656 1145 770 1217 neseio
802 1169 842 1216 an
876 1142 1083 1214 scribendum
1115 1144 1171 1214 sit:
1207 1147 1341 1238 κρυπτᾷ
1372 1142 1406 1210 θ’
1438 1141 1573 1213 ἀκέων
1605 1142 1642 1213 ἐν
1673 1139 1759 1242 ,ἧβαι
1789 1143 1964 1215 admodum
1995 1145 2080 1217 enim
2112 1147 2154 1220 de

379 1249 547 1344 participio
573 1246 691 1342 ἀχέων
717 1246 840 1336 dubito,
871 1245 959 1342 quod
985 1244 1161 1317 defendere
1187 1246 1296 1317 studet
1322 1248 1471 1317 Doederl.
1498 1244 1589 1316 Hom.
1615 1244 1665 1318 Gl.
1690 1246 1725 1317 ll.
1750 1250 1781 1333 S.
1806 1245 1892 1318 886.
1921 1288 1967 1299 —
1996 1247 2151 1344 Componi

379 1375 452 1423 oum
478 1352 529 1424 bis
556 1362 694 1446 possunt
719 1348 809 1421 ebori
836 1346 934 1419 verba
961 1347 1010 1417 Αἰ.
1033 1349 1122 1418 17οι
1155 1346 1227 1441 τάχ’
1253 1346 1296 1417 ἀν
1323 1345 1496 1443 ἐξαίφνης,
1524 1345 1557 1418 εἰ
1580 1345 1622 1419 σθ
1648 1346 1804 1444 φανεῖης,
1836 1353 1930 1443 σιμῇ
1954 1349 2153 1446 πτήξειοιν

379 1449 575 1549 ἄφωνοι,
608 1476 748 1550 quocum
776 1450 848 1522 loeo
875 1448 1006 1520 contulit
1032 1451 1163 1521 Loberlr.
1189 1449 1281 1520 Pind.
1308 1450 1400 1546 Pyth.
1426 1448 1476 1536 lt,
1499 1449 1566 1522 57:
1600 1445 1750 1532 ἔπταξαν
1782 1450 1815 1520 θ’
1842 1449 1993 1546 ἀκίνητοι
2024 1460 2151 1548 σιωπᾷ,

380 1555 590 1653 meminitque
620 1554 713 1625 Hom.
739 1551 823 1625 illius
855 1550 905 1642 (ll.
933 1551 966 1638 3,
989 1551 1071 1640 95):
1105 1551 1194 1648 ἀκὴν
1226 1549 1386 1645 ἐγένοντο
1417 1557 1542 1646 σιωπῇ.
1584 1550 1766 1648 Sophocles
1793 1578 1869 1624 vero
1895 1551 1957 1624 bac
1984 1554 2153 1627 verborum

377 1658 470 1753 copia
490 1683 569 1729 usus
587 1671 700 1752 aperte
718 1667 779 1746 est,
802 1667 837 1726 ut
853 1653 1006 1742 subitum,
1028 1654 1083 1751 qui
1102 1653 1209 1725 Aiacis
1227 1654 1365 1724 adventu
1384 1654 1532 1726 omnibus
1550 1655 1744 1743 indueretur,
1767 1667 1921 1726 terrorem
1941 1654 2155 1740 describeret:

376 1758 511 1855 ἀφωνοι
537 1760 632 1853 igitur
659 1757 854 1831 elamoribus
882 1754 944 1826 illis
970 1755 1153 1827 iactationis
1180 1754 1297 1851 plenis,
1330 1756 1383 1855 qui
1411 1756 1510 1828 verbo
1542 1761 1706 1851 παταγεῖν
1736 1755 1965 1854 significantur,
1995 1762 2154 1831 contrari·

378 1888 431 2034 tuq
449 1861 542 1960 quasi
563 1887 634 2036 curq
653 1887 684 2034 qq
700 1860 866 2033 adipc'tprq
879 1872 1026 2049 elim-J
1043 1857 1352 2033 Egdpmbqelerenda
1371 1859 1571 2031 porrqhaee
1588 1859 2154 2059 sgnplqg²3135qgaoqdpvar

376 1988 403 2035 π
441 1989 460 2035 τ
497 1986 639 2046 οιςυ.
687 1989 734 2034 ur.
815 2015 879 2032 ..
947 1977 1007 2033 υ.
1093 1959 1447 2055 ..ἰῦπνῳεῦ
1486 1983 1562 2032 ειν.
1630 2017 1676 2033 ..
1802 1988 1811 2032 ι
1934 1967 2150 2055 φεῖσαι.

377 2066 432 2138 Tr.
454 1990 541 2138 C76:
567 1969 695 2163 ςάἀβῳ
722 1986 995 2162 τάζοβοῦσαν.
1034 2063 1091 2134 Pb.
1113 2062 1201 2135 225:
1227 2059 1340 2158 ὄκνῳ
1367 2064 1518 2133 ἀεῖσαι.
1547 2065 1586 2136 οῖ.
1606 2067 1742 2137 Ροιιοα.
1762 1987 1893 2158 Αθαφρ.
1917 2065 1999 2136 147.
2034 2067 2150 2138 θὐιιά.

376 2169 417 2241 ad
436 2168 515 2242 ΟΒ.
538 2167 598 2242 65.
631 2170 690 2241 Pb.
706 2168 770 2240 79:
788 2164 909 2262 φύσει
928 2164 1177 2260 πεφυκέναι,
1196 2164 1237 2237 de
1256 2192 1319 2264 qua
1338 2164 1499 2238 locutione
1517 2180 1606 2239 recte
1623 2169 1747 2239 Nouclr.
1763 2165 1928 2261 exposuit:
1946 2166 1987 2238 cl.
2005 2169 2149 2240 Frouclt.

375 2271 416 2342 ed
434 2268 513 2343 llen.
537 2270 625 2343 llier.
646 2270 680 2358 3,
698 2270 734 2341 9.
771 2265 1275 2364 Bomem.adCyrop.Vlll‚7,
1301 2268 1360 2341 13.
1398 2269 1534 2340 Meinelt.
1559 2269 1601 2340 ad
1624 2267 1708 2342 Men.
1728 2293 1759 2364 p.
1781 2268 1865 2341 394.
1887 2310 1932 2322 -
1952 2268 2045 2339 Addo
2067 2268 2148 2343 0.R.

367 2372 464 2446 -344ι
490 2375 637 2465 θυμοῦ
659 2372 713 2443 dc‘
732 2371 784 2463 ἀρ
793 2377 876 2467 φῆς
895 2369 971 2465 ἥτις
991 2367 1205 2466 ἀηριοιτάτηι
1223 2369 1381 2443 invenitur
1403 2371 1488 2442 enirn
1511 2369 1595 2442 adeo
1617 2369 1762 2462 θυμὸς
1782 2368 1896 2468 ὀργῆ
1905 2392 1942 2456 ς,
1969 2371 2009 2442 οῖ.
2029 2373 2148 2467 lllomf.

375 2475 485 2547 Gloss.
509 2476 542 2547 in
567 2475 604 2546 Α.
631 2475 723 2546 Pers.
749 2475 833 2548 425.
863 2475 994 2545 Lubeclr.
1019 2473 1124 2544 Paral.
1143 2495 1182 2566 p.
1201 2471 1286 2547 525.
1318 2513 1361 2524 -
1392 2471 1523 2571 Legitur
1549 2473 1644 2545 etiam
1676 2475 1752 2571 ζῆν
1783 2471 1951 2567 ἀλυπήτῳ
1979 2470 2066 2572 βίῳ
2093 2474 2147 2546 Τι.

378 2577 474 2664 168,
500 2576 649 2658 ζῶσαν
675 2575 829 2676 ἀβλαβεῖ
845 2574 932 2674 βίῳ
960 2573 1006 2645 El.
1027 2575 1119 2660 6503
1146 2574 1186 2645 ol.
1206 2576 1283 2646 Crit.
1305 2575 1342 2645 tr.
1362 2571 1427 2646 Sis.
1450 2576 1515 2647 17:
1541 2574 1677 2671 ἀφθίτῳ
1705 2575 1844 2648 θάλλων
1867 2573 1947 2673 βίῳ.
1969 2614 2014 2628 -·
2036 2573 2150 2675 Neque

375 2679 404 2750 vi
431 2705 489 2750 sua
517 2693 607 2752 caret
623 2679 719 2776 Aquod
747 2678 853 2752 Ulixes
881 2678 956 2749 dicit
983 2676 1062 2748 Phil.
1087 2676 1152 2750 35:
1183 2677 1299 2774 ἀνοχὴν
1322 2675 1503 2770 λόγοισιν
1530 2675 1713 2776 έκκλέςθεις
1734 2676 1882 2771 λέγων,
1915 2676 1946 2749 b.
1972 2703 2002 2750 e.
2022 2692 2150 2751 remota

374 2794 407 2853 et
424 2780 525 2853 lalluci
544 2782 689 2854 oratione
707 2781 738 2852 in
758 2780 973 2875 colloquendo
991 2779 1151 2874 decipies:
1170 2779 1208 2853 cl.
1229 2781 1347 2852 descb.
1366 2780 1477 2877 Agam.
1496 2780 1607 2850 1011:
1625 2776 1698 2852 ἔσω
1715 2785 1854 2874 φρενῶν
1869 2779 2021 2871 λέγουσα
2038 2778 2150 2853 πείθω
2267 2844 2271 2854 .

375 2906 422 2954 νιν
444 2883 549 2978 λόγῳ.
579 2888 697 2957 sant.
717 2881 808 2981 Synt.
829 2908 860 2978 p.
884 2884 966 2954 107.
996 2885 1117 2976 Ρβυφλ.
1140 2883 1180 2952 ad
1206 2883 1279 2954 Eur.
1300 2884 1395 2955 llere.
1416 2883 1435 2954 l.
1456 2886 1515 2955 77.
1550 2881 1606 2953 Est
1629 2884 1740 2982 utique
1763 2882 1867 2954 oratio
1890 2881 2035 2956 moribus
2053 2883 2150 2958 Ulixis
2209 2942 2216 2956 .

374 2985 419 3057 ita
446 2999 676 3073 consentanea,
705 2997 749 3075 ut,
774 2985 919 3078 λύγοισιν
946 2996 1035 3056 certe
1061 2983 1247 3057 coniectura
1274 2984 1413 3074 sublato,
1447 2982 1620 3078 singularis
1647 2985 1825 3057 senlentiae
1852 2985 1900 3057 vis
1927 2983 2057 3058 tollatur
2082 2987 2151 3058 lun·

373 3088 478 3161 ditus:
509 3114 593 3187 quae
619 3100 792 3183 augeretur
818 3088 965 3169 fortasse,
991 3088 1019 3158 si
1047 3085 1228 3159 scriberes:
1252 3086 1398 3181 λόγοισιν
1425 3085 1608 3183 ἐκκλέῴεις
1632 3087 1755 3159 ἑλῶν.
1793 3089 1834 3159 cl.
1854 3114 1883 3158 v.
1906 3088 1963 3160 14.
1983 3102 2015 3161 et
2036 3090 2149 3161 1228:

373 3188 556 3262 ἀπάταισιν
581 3189 741 3287 αἰσχραῖς
764 3187 876 3281 ἀνάρα
903 3185 961 3259 καὶ
986 3188 1102 3269 ἀλλοις
1124 3187 1237 3260 ἑλών.
1264 3231 1309 3242 -
1337 3190 1482 3288 Denique
1508 3190 1549 3261 cl.
1573 3188 1787 3264 0.R.1469:
1819 3195 1919 3286 γονῇ
1944 3192 2149 3281 γενναῖος,

374 3292 465 3365 cuius
492 3318 577 3392 quae
603 3293 651 3365 vis
678 3293 731 3380 sit,
766 3291 871 3365 elucet
897 3315 936 3362 ex
962 3291 1011 3362 Αἱ.
1039 3290 1153 3363 1094ι
1187 3288 1228 3373 ὃς
1253 3291 1366 3387 μηθὲν
1396 3292 1447 3363 ῶν
1476 3295 1635 3385 φοναῖσιν.
1663 3291 1702 3362 ot.
1730 3293 1843 3363 Heind.
1871 3292 1912 3363 ad
1942 3291 2020 3364 l'lat.
2045 3291 2148 3388 Sopb.

373 3399 404 3484 S.
431 3395 489 3468 35.
520 3438 565 3449 -
594 3396 730 3492 Ἑμγενῆ
757 3394 858 3490 φύσει
885 3392 1198 3466 recreantem
1226 3394 1384 3487 significat
1410 3397 1590 3487 „sunguine
1616 3408 1778 3488 cognatos
1800 3394 1926 3489 ipsos.“

476 3498 510 3570 3.
565 3498 657 3571 Haud
690 3495 820 3569 multum
853 3497 950 3566 distat
980 3495 1021 3567 ab
1054 3495 1104 3566 bis
1137 3521 1216 3567 usus
1247 3495 1298 3567 ille
1329 3495 1615 3568 adieetivorum
1649 3496 1867 3594 pervulgatus,
1901 3521 1985 3593 quae
2019 3497 2150 3596 quidem

376 3600 418 3671 itu
436 3625 672 3695 saepenumero
690 3600 859 3672 sententiis
878 3599 1071 3688 inseruntur,
1098 3610 1132 3667 ut
1158 3598 1315 3670 actionem
1343 3623 1427 3697 quae
1453 3598 1553 3670 verbo
1578 3599 1736 3671 indicatur
1761 3599 1942 3671 absolutum
1968 3613 2044 3672 ante
2072 3627 2152 3673 ocu·

376 3700 425 3774 los
452 3717 584 3797 ponant,
622 3716 729 3799 atque,
761 3702 918 3799 gravitate
945 3699 1124 3772 sententiae
1150 3714 1289 3794 augusto
1316 3700 1487 3773 verborum
1512 3700 1633 3772 ambitu
1667 3701 1811 3790 adaucta,
1842 3702 1960 3795 agendi
1993 3727 2150 3776 summam

375 3805 469 3902 quasi
496 3805 695 3877 celeritatem
722 3816 976 3898 repraesentent.
1028 3803 1122 3889 Quod
1150 3828 1245 3900 quam
1273 3819 1359 3875 recte
1386 3804 1530 3891 dixerim,
1563 3829 1635 3874 eum
1662 3830 1701 3877 er
1728 3802 1800 3876 aliis
1826 3817 1914 3898 patet
1941 3819 2007 3878 tum
2035 3831 2073 3878 ex
2099 3807 2148 3877 bis

375 3907 523 3978 Creontis
549 3908 655 3980 verbis
678 3907 751 3977 Ant.
773 3907 865 3979 406:
891 3910 969 3986 πῶς
993 3902 1244 4002 ἐπίληπτος
1265 3901 1430 4002 ᾑρέθη,
1457 3932 1552 4004 quam
1571 3906 1735 3979 Sobaeleri
1754 3907 2012 3983 emendationem
2031 3904 2147 3982 soboli·

374 4021 466 4080 astae
492 4010 694 4103 potissimum
721 4008 910 4082 auctoritate
937 4007 1082 4102 perducti
1110 4009 1307 4080 recentiores
1335 4008 1528 4102 interpretes
1555 4023 1642 4080 reete
1667 4023 1859 4102 receperunt
1885 4036 2009 4085 omnes.
2049 4008 2147 4077 luter-

373 4125 425 4182 est
442 4111 526 4182 enim
540 4113 687 4184 Creontis
706 4135 905 4206 pernoscere
923 4111 1062 4205 penitus,
1081 4133 1176 4208 quem
1196 4111 1236 4182 ad
1256 4111 1385 4182 modum
1404 4112 1435 4182 in
1455 4111 1527 4207 ipso
1545 4111 1686 4185 facinore
1700 4110 1858 4203 Antigona
1878 4115 1921 4186 sit
1938 4108 2147 4206 deprebensa,

373 4227 407 4283 ut
430 4212 513 4284 iusta
538 4214 685 4284 nimirum
709 4214 772 4286 sibi
798 4213 840 4284 sit
863 4238 901 4284 su
928 4210 1010 4306 plicii
1036 4236 1144 4283 causa.
1183 4213 1239 4285 Est
1262 4214 1359 4311 igitur
1384 4213 1465 4285 idern
1492 4214 1568 4286 lere.
1592 4214 1678 4311 quod
1697 4215 1801 4285 Creon
1826 4230 1902 4308 post
1924 4213 1996 4284 dicit
2013 4235 2040 4278 v.
2058 4207 2147 4281 655:

374 4312 482 4411 αὐτὴν
509 4313 629 4386 εἷλον
657 4315 876 4411 ἐμφανῶς
900 4239 982 4408 ἀφῶ.
1020 4316 1058 4386 cl.
1085 4315 1133 4386 l'r.
1161 4316 1220 4386 inc.
1246 4317 1338 4388 845:
1365 4313 1447 4385 ὅταν
1473 4338 1524 4398 τις
1547 4315 1713 4411 ἐμφανῶς
1736 4313 1926 4411 ἐφευρεθῇ.
1962 4314 2079 4383 Mottlr.
2104 4311 2146 4382 ad

373 4417 447 4488 Eur.
469 4418 563 4513 llipp.
585 4419 669 4492 657.
706 4418 873 4514 Nunquam
894 4443 970 4489 vero
988 4418 1088 4511 Sopb.
1109 4416 1191 4488 banc
1213 4417 1368 4490 orationis
1392 4417 1581 4500 ubertatem.
1603 4444 1688 4516 quae
1706 4417 1824 4512 insigni
1842 4411 1965 4486 excellit
1982 4412 2148 4493 brevitate,

373 4518 417 4590 ita
449 4520 590 4611 adhibet,
627 4535 660 4592 ut
692 4545 749 4601 sue
783 4521 938 4614 gravitate
971 4543 1079 4591 sermo
1110 4543 1221 4592 carere
1253 4520 1407 4591 videatur.
1461 4521 1575 4593 Rarius
1609 4522 1706 4592 utitur
1736 4546 1774 4592 ea
1800 4518 1978 4606 Aeschylus,
2008 4515 2148 4587 abutitur

374 4646 613 4720 nonnunquam.
637 4637 671 4693 ut
694 4621 809 4694 creber
831 4636 883 4695 est
905 4637 937 4694 et
962 4622 1132 4693 distinctus
1155 4624 1186 4692 in
1210 4623 1295 4695 omni
1319 4622 1554 4717 pigmentorum
1579 4648 1709 4717 genere,
1733 4619 1912 4710 &ripidets
1938 4642 2034 4714 quem
2061 4617 2146 4715 quod

375 4723 452 4796 dixit
472 4726 528 4798 Pb.
551 4725 662 4797 1596:
690 4720 728 4793 δν
753 4721 811 4793 καλ
837 4724 915 4816 πρὶν
941 4721 992 4804 εἷς
1015 4729 1094 4818 φῶς
1112 4724 1249 4820 μητρὸς
1273 4723 1322 4795 ἐκ
1346 4732 1483 4821 μονῆς
1501 4726 1658 4818 μολεῖν
1684 4724 1867 4814 ἄγονον,
1894 4718 2021 4792 deridet
2037 4721 2145 4793 detor·

372 4854 477 4923 quens
505 4827 601 4899 verba
629 4827 795 4920 Aristopb.
821 4826 900 4898 llan.
930 4825 1043 4897 1183:
1075 4823 1188 4896 ὅντινά
1218 4851 1259 4921 με
1291 4823 1368 4919 πρὶν
1398 4831 1526 4921 φῦναι
1554 4827 1621 4920 μὲν
1642 4821 1815 4898 (Απόλλων
1847 4817 1916 4917 ἔφη
1949 4821 2144 4893 ἀποκτενεῖν

373 4930 429 5001 τάν
456 4929 604 5020 πατέρα,
632 4926 736 5020 πρὶν
762 4926 838 4998 καῖ
863 4926 1110 5021 γεγονέναι.
1145 4925 1211 5000 Sed
1239 4929 1339 5002 redeo
1366 4931 1405 5000 ad
1424 4931 1629 5025 Sophoclem,
1654 4949 1804 5024 quaeque
1831 4925 2035 5021 reperiuntur
2058 4923 2144 5015 apud

374 5059 446 5103 eum
474 5033 567 5103 huius
593 5031 722 5130 generis
747 5029 891 5125 exemplo
915 5028 1129 5103 enumerabo:
1154 5030 1227 5104 Aut.
1248 5031 1336 5104 399:
1363 5029 1556 5126 ἐλεύθερος
1573 5028 1703 5109 ἀίκαιάς
1724 5025 1790 5119 εἰμι
1812 5027 1908 5099 τῶνά
1927 5022 2145 5122 ἀπηλλάχθαι
