4674 5880
958 418 981 422 -.
1075 317 1202 424 33„

217 553 371 641 criminis,
398 568 433 625 ut
458 554 576 634 πῶλος
600 553 720 651 pullum
748 554 912 649 equinum,
941 549 1045 633 ἵππος
1069 576 1187 648 equum
1216 548 1358 621 adultum
1386 549 1560 646 significet,
1585 550 1627 622 ed
1655 553 1829 624 certamina
1857 578 2002 624 omnem·

218 682 281 753 que
309 657 392 728 vitae
425 680 517 726 usum
552 654 720 739 idoneum3
755 656 797 725 cl.
822 652 960 724 'l'heoen
990 656 1024 725 2.
1056 654 1131 737 46..1
1163 651 1250 750 quod
1284 664 1373 747 patet
1404 652 1499 722 etiam
1532 677 1572 723 ex
1603 652 1759 726 translata
1793 655 1881 727 vocis
1915 654 2001 725 illius

217 769 390 853 potestate,
426 756 467 826 de
499 781 562 852 qua
595 757 634 826 ci.
660 756 772 827 Μοαλ.
799 755 840 824 ad
868 754 941 824 Eur.
970 754 1066 851 llipp.
1088 755 1177 825 548.
1206 756 1304 824 Seidl.
1330 752 1372 823 ad
1395 752 1471 823 Tro.
1496 752 1582 825 553.
1616 755 1731 846 Unper.
1757 756 1829 827 Per.
1851 754 1951 827 Theb.
1979 756 1999 826 Ι.

216 884 248 954 p.
270 859 354 930 393.
389 859 452 930 lain
476 882 553 928 vero
580 857 794 927 Athenienses
820 854 1069 949 φιλοτιμότατοι
1096 854 1140 925 illi
1167 851 1266 944 [Xeu.
1287 853 1381 924 Mem.
1402 852 1449 937 ΙΙΙ,
1468 853 1503 938 5,
1526 854 1578 942 3.)
1604 881 1762 954 equorum
1789 857 2001 928 amantissimi

217 959 247 1028 in
279 984 391 1030 eorum
425 958 544 1030 cultum
577 957 816 1028 studiosissime
849 955 1086 1043 incumbebant,
1117 980 1268 1052 quaeque
1301 953 1442 1026 locorum
1475 955 1628 1052 iniquitas
1661 957 1812 1054 negabat,
1843 957 1999 1054 singulari

211 1085 292 1130 cura
325 1073 422 1156 atque
454 1072 524 1130 arte
555 1059 727 1129 studebant
760 1078 991 1153 compensare3
1022 1058 1061 1127 cl.
1089 1056 1186 1127 Arist.
1215 1056 1297 1127 Nub.
1327 1056 1384 1127 15.
1410 1056 1510 1128 isocr.
1534 1057 1653 1153 Areop.
1681 1061 1740 1146 17,
1771 1059 1830 1130 45.
1862 1063 1999 1130 Βυιιλὸ.

217 1158 360 1233 Staatsh.
391 1161 422 1231 d.
453 1159 524 1230 Ath.
554 1159 576 1229 Ι.
606 1161 666 1231 80.
716 1161 825 1244 Quare
861 1157 946 1228 hanc
980 1158 1083 1255 ipsam
1121 1156 1247 1228 laudem
1284 1157 1518 1253 praedicabant
1553 1172 1681 1254 poetae,
1717 1177 1750 1231 ut
1789 1164 1912 1232 Orotin.
1945 1186 1999 1258 ap.

218 1263 339 1357 Porph.
360 1263 420 1347 Qu.
446 1260 537 1330 llam.
562 1263 597 1331 8.
622 1288 653 1357 p.
675 1260 772 1347 229..
799 1260 853 1355 qui
882 1257 1088 1348 ,Μαραθῶνα
1114 1259 1193 1329 dicit
1220 1257 1461 1353 εὐιπποτάτην.
1504 1259 1610 1356 Atque
1636 1260 1720 1333 idem
1747 1260 1923 1358 Sophoclis
1951 1276 2001 1332 est

217 1361 397 1435 consilium.
434 1360 650 1443 Εὔπωλος
668 1361 752 1433 enim
776 1360 818 1431 ad
840 1360 981 1430 studium
1002 1360 1205 1430 referendum
1228 1374 1279 1431 est
1293 1359 1547 1447 Atheniensium,
1566 1366 1721 1433 ἀοιιιαινθὶ
1739 1387 1843 1461 equos
1864 1363 2001 1434 nobilis·

217 1491 280 1561 que
307 1462 508 1560 propaginis,
540 1487 611 1532 cum
646 1477 757 1534 natura
791 1460 872 1531 caeli
904 1475 993 1532 esset
1023 1461 1172 1545 adversa,
1204 1474 1274 1532 arte
1305 1459 1454 1548 alendae,
1486 1459 1653 1533 εὔιπποι
1680 1489 1757 1535 vero
1785 1464 2001 1536 Athenienses

216 1563 420 1663 appellantur
440 1576 474 1633 ut
499 1562 653 1634 llorentes
680 1564 773 1659 equis
800 1563 842 1632 ad
870 1561 1045 1632 certamina
1073 1562 1156 1632 bene
1184 1562 1339 1645 formatis,
1363 1562 1572 1659 equestrique
1598 1580 1668 1637 arte
1695 1563 1838 1652 nobiles3
1865 1565 2000 1637 εὔιπποι

216 1669 300 1737 enim
328 1666 433 1736 vocari
461 1664 567 1735 solent
594 1664 757 1761 equitandi
787 1662 891 1759 periti,
918 1664 959 1734 cl.
980 1666 1104 1733 Dioren
1123 1663 1164 1733 ad
1190 1663 1281 1733 Pind.
1302 1661 1352 1735 Ol.
1373 1661 1420 1743 ΙΙΙ,
1444 1663 1503 1734 39.
1535 1707 1579 1716 -

317 1767 484 1862 Reliquum
512 1779 572 1851 est,
604 1780 638 1836 ut
664 1766 705 1837 de
733 1765 772 1834 iis
799 1790 958 1860 exponam
987 1764 1163 1847 vocabulis,
1194 1789 1279 1860 quae
1309 1764 1622 1837 coniunctione
1653 1769 1834 1863 quadam
1866 1792 2001 1864 copu-

217 1871 379 1947 lantur,
407 1867 448 1938 de
475 1865 593 1963 quihus
620 1893 658 1937 ea
687 1867 823 1962 primum
849 1866 982 1936 ellrram
1013 1864 1172 1960 exempla,
1204 1865 1256 1935 ubi
1290 1865 1356 1936 bis
1387 1865 1534 1937 eadem
1567 1870 1660 1941 lere
1691 1869 1814 1940 notio
1844 1869 2000 1964 ponderis

216 1996 316 2042 cause
335 1968 478 2040 ellertur.
499 1966 593 2037 Velut
606 1966 655 2038 Ai.
675 1968 761 2038 139:
778 1965 879 2037 ὔκνυν
898 1963 969 2061 ἔχω
989 1964 1048 2036 καὶ
1065 1965 1269 2061 πεφόβημαι
1286 1965 1328 2037 cl.
1345 1969 1460 2037 Stollb.
1476 1967 1517 2038 ad
1539 1968 1618 2040 Plat.
1636 1967 1737 2066 legg.
1752 1967 1793 2041 X.
1811 1997 1842 2066 p.
1858 1971 1943 2041 886.
1960 1972 1997 2041 A.

215 2073 300 2144 (AC.
325 2070 419 2143 546:
451 2067 626 2161 ἐφόνευσα
653 2066 866 2155 tuidisco,
900 2094 984 2164 quae
1010 2081 1086 2163 apte
1113 2065 1252 2138 illustret
1277 2070 1462 2139 Doederlin.
1489 2094 1521 2165 p.
1548 2070 1632 2142 366.
1668 2111 1713 2121 -
1747 2071 1794 2142 El.
1820 2073 1910 2143 804:
1943 2069 1998 2163 dp

215 2172 290 2263 ὗμιν
322 2174 376 2251 ὡς
404 2169 559 2261 ἀλγοῦσα
590 2169 825 2266 κώδυνωμένη
857 2171 982 2250 δεινῶς
1010 2170 1181 2258 δακρῦσαι
1211 2167 1451 2239 κάπικωκῦσαι
1481 2171 1582 2241 δοκεῖ
1584 2192 1594 2258 ;
1628 2172 1701 2243 Ant.
1728 2172 1836 2244 25οεΙ
1853 2172 2002 2265 στύφλος

213 2273 256 2343 δὲ
282 2279 326 2368 fr}
352 2268 412 2342 καὶ
432 2269 568 2363 χέρσος
595 2272 677 2357 κτλ,
706 2295 789 2367 quae
816 2271 951 2368 egregie
979 2269 1172 2341 conveniunt
1199 2270 1344 2341 custodis
1373 2269 1568 2367 loquacitati,
1600 2272 1654 2369 qui
1680 2273 1756 2343 item
1784 2273 1924 2370 quadam
1953 2275 2000 2345 ia·

111 2436 115 2443 .
215 2376 356 2446 ctatione
383 2371 553 2443 verborum
582 2371 723 2468 loquitur
747 2373 818 2443 Ant.
840 2373 933 2443 223:
960 2368 1015 2462 dp
1042 2366 1170 2465 ἔνδηλα
1196 2367 1263 2464 καὶι
1280 2378 1377 2467 σοφή
1400 2370 1512 2463 λέγω
1537 2415 1581 2425 -
1608 2374 1678 2445 Non
1703 2375 1868 2446 serendum
1891 2387 1998 2446 tamen

216 2480 299 2547 leret
333 2474 382 2544 Ai.
413 2474 504 2544 224:
541 2470 687 2543 ἄτλατον
718 2471 803 2543 οὐδὲ
832 2474 976 2566 φερτών,
1013 2497 1109 2568 quam
1141 2472 1214 2542 cod.
1245 2470 1312 2543 Pal.
1341 2473 1631 2569 scripturamnon
1664 2475 1805 2547 debebat
1835 2478 1997 2569 Hartunp.

213 2572 505 2662 cornmendare;¹'l
530 2599 568 2645 ex
592 2575 632 2644 iis
655 2575 751 2666 enim,
774 2600 859 2671 quae
881 2586 1071 2669 sequuntur,
1095 2599 1158 2643 non
1185 2572 1419 2645 intolerabilem
1444 2588 1565 2646 tantum
1591 2575 1685 2648 lacile
1709 2591 1799 2673 patet
1821 2576 1997 2673 significari

303 2710 337 2770 Π)
364 2706 441 2770 Quod
461 2708 588 2760 hocloco
608 2707 782 2765 refutandum.
801 2707 826 2758 id
847 2695 1036 2759 restituendum
1057 2706 1160 2758 videtur
1178 2721 1238 2758 esse
1256 2705 1348 2759 Trech.
1363 2707 1444 2759 tuti:
1469 2704 1491 2756 ώ
1516 2705 1601 2757 πολλὰ
1623 2706 1657 2776 δή
1679 2707 1722 2760 καλ
1744 2709 1838 2776 θερμὰ
1860 2709 1902 2760 καὶ
1924 2707 1999 2779 λόγῳ

214 2776 280 2828 κακὰ
302 2775 344 2826 καλ
366 2773 447 2844 χερσὶ
469 2775 511 2825 καὶ
535 2773 644 2826 νώτοισι
666 2773 815 2855 μοχθήσας
836 2773 900 2840 ἐγώ.
934 2775 1009 2837 Quae
1032 2790 1091 2826 cnm
1118 2771 1209 2825 Cicero
1228 2772 1347 2830 Tuscll.
1364 2775 1389 2827 8.
1409 2782 1558 2827 convertet:
1582 2790 1598 2827 ο
1621 2775 1710 2829 multo
1735 2777 1834 2830 dicte
1854 2778 1998 2845 provio,

210 2858 381 2912 perpessu
404 2856 549 2910 aspero,
571 2841 689 2908 θερμα
712 2850 784 2914 certe
806 2860 859 2894 non
884 2843 907 2893 le
928 2844 981 2893 isse
999 2843 1115 2899 videtur:
1139 2843 1189 2893 hoc
1208 2843 1277 2893 enim
1297 2843 1360 2893 nihii
1380 2843 1511 2909 significat
1529 2845 1579 2895 nisi
1598 2842 1751 2911 θρασύς,
1771 2845 1851 2914 idque
1870 2847 1921 2898 hoc
1940 2848 1998 2897 loeo

213 2917 341 2980 ineptum.
360 2911 533 2964 Scribendum
546 2913 633 2977 potius
644 2927 705 2978 pro:
716 2904 832 2960 Antea
841 2904 891 2958 rit
924 2902 1194 2960 hainoiensem

656 2979 707 3030 sic:
721 2971 1652 3045 KAdEPTAlsnnoreme,n.e.1aeepranar07‘e1aaee.
1671 2977 1715 3033 lile
1729 2989 1816 3033 eutem
1828 2997 1892 3033 voce
1907 2978 1998 3033 Aeacii.

215 3047 359 3100 identidem
379 3063 443 3099 usus
461 3053 510 3100 est.
532 3047 588 3098 αλλ
610 3046 760 3097 ,370370
779 3045 928 3096 eernere:
954 3044 1094 3106 ἐπάθομεν
1115 3044 1207 3101 πάθος
1225 3043 1353 3113 δυσαχές,
1378 3042 1512 3102 ώπόποι,
1536 3041 1604 3112 ἅφτ
1636 3064 1694 3097 τον
1713 3046 1797 3098 κακό
1806 3066 1828 3100 ν.
1864 3049 1901 3099 De
1920 3051 1998 3101 inter·

213 3117 327 3167 icctione
345 3117 437 3166 iterate
456 3116 488 3165 ci.
501 3063 620 3165 Ellendt.
635 3113 661 3164 Ι..
675 3114 701 3165 S.
715 3110 744 3165 ll.
758 3131 783 3182 p.
797 3114 846 3164 985
860 3130 899 3181 sq.
931 3110 1002 3164 ldem
1023 3115 1102 3176 igitur
1121 3113 1247 3164 Hercules
1266 3113 1433 3191 dicitquod
1453 3115 1580 3181 estupud
1622 3115 1754 3183 uripidcm
1774 3117 1852 3185 llipp.
1870 3116 1934 3166 81οε
1959 3114 1997 3165 od

216 3181 340 3252 τλητὸν
359 3179 443 3232 eddi
460 3179 586 3249 ῥητὸν·
608 3190 633 3233 ει
652 3198 674 3232 r.
691 3182 754 3232 875:
778 3179 816 3229 od
836 3177 960 3247 τλητὸν
979 3176 1064 3230 οὐδὲ
1083 3178 1213 3230 λεκτὸν.
1251 3180 1388 3232 Ditilcrirus
1407 3197 1468 3233 vero
1487 3189 1528 3233 est
1546 3182 1579 3234 de
1598 3199 1675 3235 versu
1695 3186 1851 3252 insequente
1870 3183 1997 3240 iudicare,

129 3259 139 3279 ‘
216 3266 292 3317 quem
312 3251 387 3301 vertit
406 3250 513 3301 Cicero:
557 3263 607 3300 noe
630 3262 779 3315 corpore
804 3246 1002 3300 exanclato
1026 3251 1108 3315 etqua
1131 3247 1248 3299 animo
1271 3245 1414 3314 pertuli.
1451 3250 1557 3301 Animi
1583 3251 1651 3301 enim
1672 3253 1831 3314 mentionem
1850 3265 1910 3303 cum
1929 3251 1998 3303 desi-

216 3319 336 3370 decerent
357 3319 403 3368 riri
423 3317 502 3373 docti.
527 3262 570 3368 elii
590 3316 659 3369 eliud
679 3324 812 3368 eruerunt.
849 3316 902 3368 Sed
922 3318 995 3368 mitto
1014 3317 1061 3368 has
1080 3317 1255 3372 coniecturas.
1280 3331 1348 3383 quae
1367 3314 1474 3383 probari
1493 3333 1525 3367 ne
1546 3327 1635 3369 neunt.
1668 3315 1721 3369 lam
1742 3335 1803 3371 vero
1822 3320 1862 3371 sic
1879 3321 1998 3370 statuerit

216 3386 354 3454 quispiam,
380 3385 536 3437 Ciceronem
558 3383 662 3452 χερσὶ
685 3383 740 3435 καλ
766 3382 908 3434 νώτοισι
932 3385 965 3436 ad
990 3384 1152 3451 corporis
1177 3385 1298 3435 retulisse
1323 3382 1428 3434 labores
1453 3335 1612 3441 exanilatos.
1637 3387 1687 3437 vim
1713 3387 1784 3438 verbi
1809 3384 1999 3455 μοχθήσας

217 3461 301 3504 eutem
321 3461 348 3532 ut
366 3454 525 3519 exprimeret
544 3452 694 3505 addidisse:
716 3454 825 3505 animo
845 3452 964 3531 Wlfflin
979 3451 1063 3514 Quam
1083 3468 1137 3529 non
1154 3466 1309 3530 spernerem
1329 3451 1582 3528 ipterpretationem‚
1600 3455 1622 3505 si
1643 3453 1736 3505 Cicero
1756 3455 1921 3521 scripsisset:
1942 3470 1998 3506 ex·

216 3519 1246 3657 11113’011030λῖ13ολΙΙΙ.Ῡ”ἔλΙΙὲΙΙι3.’Ι611131131Ιέ
1263 3517 1776 3666 ,tlttt¹.‘¹·..‘¹323..¹¹.⁰..husathi
1787 3530 1996 3642 :Adtulit

216 3654 390 3711 erturharent.
403 3671 481 3724 qnam
496 3655 617 3707 hocloco
632 3655 725 3708 Cicero
738 3657 809 3721 legit.
834 3655 903 3720 Quid
918 3651 1019 3706 inulta‘l
1038 3653 1160 3705 Fortasse
1174 3655 1281 3722 scripsit
1296 3660 1385 3719 poeta:
1403 3641 1463 3703 adr
1481 3655 1581 3721 κματλ
1599 3655 1657 3706 κάν
1677 3654 1795 3713 νώτοισι,
1811 3657 1844 3708 cl.
1857 3655 1921 3709 0.c.
1934 3659 1995 3707 564:

215 3718 352 3789 ήθλησα
370 3720 559 3784 κινδυνεύματ’
576 3721 611 3770 ἐν
630 3721 731 3791 τώμῷ
750 3716 843 3791 κάρᾳ.
866 3716 956 3787 Κματί
971 3728 1056 3773 eutem
1077 3723 1167 3774 nescio
1186 3738 1219 3772 an
1238 3722 1315 3772 citius
1335 3724 1449 3788 potuerit
1468 3722 1562 3775 Cicero
1580 3726 1740 3780 „animo”
1759 3724 1881 3776 reddere.
1894 3751 1928 3760 -
1941 3726 1997 3777 lloc

215 3805 277 3840 uero
301 3799 410 3845 constet.
436 3792 601 3846 Ciceronem.
626 3808 685 3842 cum
710 3792 869 3842 adverbum
893 3792 948 3842 iero
967 3789 1117 3856 Sophoclea
1143 3790 1359 3856 expresserit.‘in
1385 3792 1465 3840 totius
1485 3789 1605 3844 lierculis
1628 3792 1756 3844 orationis
1779 3794 1996 3860 interpretatione

214 3856 309 3908 ducem
333 3857 482 3909 habendum
506 3874 566 3911 esse
589 3858 659 3910 haud
683 3858 913 3912 contemnendum.
937 3865 961 3908 ut
987 3872 1053 3925 quae
1077 3857 1147 3924 apud
1172 3872 1231 3907 eum
1256 3872 1308 3906 non
1332 3857 1506 3917 inveniantur,
1532 3875 1561 3910 ea
1581 3876 1643 3910 num
1662 3860 1714 3911 sint
1732 3860 1765 3909 eh
1784 3861 1843 3927 ipso
1862 3860 1996 3928 Sophocle

213 3926 340 3992 prolecta,
354 3926 446 3976 merito
458 3926 624 3978 subdubitas.
650 3927 724 3989 Quae
743 3926 848 3994 quidem
870 3927 998 3992 reputanti
1018 3926 1129 3992 suspitio
1149 3932 1208 3974 natu
1228 3923 1289 3974 mihi
1309 3930 1348 3974 est
1367 3924 1400 3975 de
1414 3940 1437 3976 v.
1452 3925 1518 3975 1008
1530 3941 1584 3995 sq:
1603 3924 1645 3983 ὡς
1661 3924 1726 3976 etde
1746 3926 1831 3992 σάφα,
1851 3926 1876 3977 el
1894 3925 1995 3989 rodphe

214 3988 307 4058 α’ληισῖς
325 3989 428 4055 μᾶλλον
447 3995 463 4061 ἢ
482 3993 573 4063 κείνης
592 3993 666 4061 ὸφών
685 3990 810 4060 λωβητὸν
830 3990 905 4050 εἶδος
923 3991 981 4041 τὸν
1001 3990 1058 4060 δίκη
1074 3989 1240 4052 κακούμενοι
1265 3991 1317 4053 (sic
1337 3992 1406 4043 enim
1425 3993 1585 4045 scholiastae
1603 3995 1751 4046 auctoritati
1771 3997 1913 4048 obsecutus
1932 3996 1995 4047 olim

213 4060 365 4122 emendavi;
384 4059 808 4129 ct.deubert.Soph.1.p.19.).
828 4078 895 4129 quae
915 4061 992 4111 rerba
1012 4077 1063 4110 non
1083 4060 1202 4110 adducor
1220 4065 1246 4110 ot
1265 4061 1409 4135 ..quatuor
1425 4058 1547 4112 versibus
1564 4060 1594 4112 in
1613 4059 1681 4112 duos
1700 4062 1872 4115 contritam
1890 4064 1996 4115 Cicero·

214 4143 272 4179 nem
299 4128 339 4179 his
362 4128 469 4178 credam
494 4130 656 4182 reddidisse:
680 4128 735 4180 inm
760 4143 877 4183 cernam.
902 4141 995 4178 mene
1019 4141 1062 4178 on
1087 4124 1190 4177 illam
1209 4128 1386 4192 potiorem
1409 4129 1518 4193 partes.
1563 4129 1660 4181 ilerum
1681 4131 1750 4181 enim
1769 4130 1833 4183 nihil
1851 4131 1994 4182 admodum

213 4195 283 4261 apud
303 4194 463 4262 Sophoclem
483 4196 586 4262 tegitur.
611 4199 654 4249 ubi
674 4197 706 4249 de
726 4198 846 4248 dolere
865 4197 919 4253 hlii,
943 4211 1064 4263 quaeque
1083 4197 1140 4261 ipse
1160 4195 1255 4246 uxori
1275 4194 1334 4245 illu
1380 4202 1539 4247 raesente
1558 4199 1674 4248 iacere
1693 4201 1843 4265 cogitet.
1868 4199 1995 4251 Hercules

213 4263 381 4315 humanitatis
400 4263 478 4313 nimis
497 4280 562 4314 sane
581 4281 676 4333 expers
695 4265 765 4317 dicit.
791 4265 848 4326 Qua
868 4266 900 4314 de
920 4279 998 4314 causa
1018 4278 1122 4312 versum
1144 4262 1227 4314 1060..
1245 4277 1323 4329 quem
1343 4210 1512 4315 dauckius
1531 4280 1636 4334 quoque
1655 4273 1808 4332 suspectum
1828 4266 1915 4324 habet,
1934 4268 1996 4317 sub·

213 4331 321 4381 ditivum
332 4331 411 4385 duco.
425 4346 538 4397 eumque
552 4339 612 4384 aute
625 4333 783 4384 scholiastae
796 4335 847 4383 iarn
861 4339 972 4383 aetatem
986 4331 1011 4380 in
1027 4329 1147 4381 Heredis
1160 4331 1304 4381 orationem
1319 4333 1459 4396 propterea
1473 4332 1585 4384 tortasse
1598 4334 1722 4391 inlusum.
1735 4334 1806 4402 quod
1817 4333 1955 4386 obliterate
1964 4351 1995 4385 ae

214 4396 354 4462 depravate
368 4413 436 4467 quae
450 4415 472 4449 r.
485 4398 559 4449 1068.
575 4399 738 4465 legebantur.
752 4416 831 4465 egere
845 4399 999 4451 uidebantur
1013 4398 1127 4476 quodam
1141 4397 1329 4452 ariditamento.
1342 4413 1403 4464 quo,
1416 4414 1483 4465 qnae
1502 4399 1622 4452 inchoata
1636 4407 1725 4451 essent
1738 4408 1763 4452 et
1776 4403 1939 4469 imperfecte,
1953 4419 1996 4454 ex·

213 4463 349 4528 plerentur
360 4475 439 4534 atque
451 4465 659 4518 absolverentur.
688 4469 817 4533 Corrupto
830 4475 916 4518 autem
931 4467 1073 4532 antiquitus
1087 4466 1207 4516 existimo
1221 4460 1344 4529 ἀλγεῖς
1356 4472 1379 4516 et
1392 4462 1632 4533 κτίνηςὸρών,
1651 4483 1719 4534 quae
1733 4485 1792 4520 cum
1807 4484 1856 4534 per
1876 4485 1948 4521 eram
1962 4472 1995 4521 fif.

213 4531 1651 4668 taeniensentaeterrimeassereremtestamenrtur
1673 4528 1827 4655 ’.000
1867 4530 1903 4655 ὸ
1921 4537 1994 4587 'tt

251 4631 260 4648 ι
562 4626 573 4650 ι
635 4615 745 4657 '⁴‚tn
1020 4625 1032 4649 ,ι
1147 4615 1153 4650 :
1242 4624 1249 4648 1
1646 4620 1711 4660 ,u
1779 4620 1992 4655 oerrrorrrm

214 4668 345 4732 scripture
364 4672 475 4737 propius
493 4671 581 4722 abest:
602 4662 849 4720 Toreonuil’et.
884 4655 974 4737 ltaque
993 4669 1122 4720 Cicerone
1141 4675 1248 4719 auctore
1267 4666 1437 4719 scribendum
1458 4617 1511 4719 eii:
1742 4619 1758 4671 q

707 4750 709 4754 ·
761 4735 787 4787 ελ
803 4735 905 4820 τούμὸν
924 4734 956 4787 el
972 4734 1018 4818 od
1029 4733 1131 4817 ediles
1150 4734 1166 4802 ή
1185 4733 1293 4816 κείμην
1312 4733 1447 4812 addice·

215 4872 251 4922 ll‘t
271 4885 336 4922 V⁰0⁰
355 4867 486 4929 τθῦθὸν
510 4875 541 4925 cl.
560 4805 621 4925 eiiii
639 4800 1226 4936 llllbllludlidilriirouilcwdvadddialdililirbacihi'rcd
1234 4819 1297 4938 νέην.
1312 4800 1499 4922 σΙεΙΙ..λ.ν133ε
1517 4869 1550 4920 οὔ
1567 4869 1622 4938 γὰρ
1641 4867 1754 4928 ἔνδικον,
1775 4870 1812 4921 σὲ
1830 4870 1880 4932 μὲν
1899 4872 1993 4922 στενά-

215 4943 281 4997 ζειν,
305 4933 394 4999 τάμὰ
412 4930 439 4985 δ’
460 4936 552 5004 ήδέιος
568 4937 651 5008 ἔχειν.
685 4941 763 4991 Andr.
783 4939 852 4991 235:
875 4939 917 4996 ώς
938 4939 972 5007 δή
997 4937 1036 4988 σὺ
1060 4937 1191 5004 σώφρων,
1216 4934 1304 4998 τάμὰ
1368 4935 1401 4986 οὔ
1421 4935 1429 4988 i
1451 4937 1593 5005 σώφρονα.
1623 4938 1669 4991 Or.
1688 4941 1751 4990 296:
1775 4939 1839 4989 ὅταν
1864 4936 1895 4987 δὲ
1918 4935 1993 5000 τᾶμ’

213 5003 387 5074 ἀθυμήσαντ’
400 5001 466 5074 iope,
479 5004 512 5054 οὔ
524 5005 578 5058 κτλ.
596 5005 632 5060 lh.
645 5007 718 5059 1038.
738 5005 793 5076 lph.
803 5006 830 5058 T.
843 5009 916 5058 1057.
936 5007 1013 5059 Andr.
1026 5006 1099 5057 1186.
1110 5005 1176 5057 bled.
1187 5003 1244 5055 340.
1264 5006 1315 5055 Alc.
1328 4954 1565 5058 architenentem.
1578 5008 1611 5059 ad
1625 5007 1688 5058 l’let.
1702 5008 1781 5073 legg.
1794 5003 1834 5057 ΙΙ.
1849 5023 1873 5074 p.
1885 5007 1941 5058 723.
1954 5008 1994 5063 ih:

174 5123 185 5134 ,
216 5075 263 5128 sed
284 5074 359 5143 plura
379 5073 473 5125 allerre
493 5074 562 5133 nolo.
582 5092 692 5144 quorum
713 5078 789 5144 eopia
808 5077 932 5149 suppetit.
960 5073 1092 5136 Quantum
1112 5074 1279 5140 profecerim,
1296 5073 1407 5125 eliorum
1427 5075 1459 5125 sit
1479 5075 1613 5127 iudicium.
1633 5101 1665 5108 ·-
