4674 5880
367 503 398 575 ὦ
425 501 634 595 παγκάκιστε
660 498 717 570 καὶ
744 501 959 594 παρεμνῆσω
986 500 1054 592 γὰρ
1082 498 1127 573 αῦ
1159 507 1223 596 τῆς
1245 490 1536 596 πατροφόντου
1559 502 1702 598 μητρός.
1739 504 1887 577 Ε1779;
1914 504 2069 598 ἐγκαλῶν
2096 504 2136 575 ῦέ

362 629 424 700 μοι
448 605 579 700 φόνους
602 600 826 695 πατρῴους
849 599 928 672 δείν’
956 599 1135 698 ἐπῆπεῦει
1161 604 1276 675 τελεῖν.
1317 604 1361 675 lb.
1383 604 1471 677 955:
1498 602 1555 674 τόν
1580 603 1768 700 αῦτόχεῳα
1794 607 1989 702 πατρῴου
2015 607 2133 700 φόνου.

367 708 521 781 Conferre
544 705 629 777 iuvat
651 703 746 775 etiam
770 703 847 774 illud
868 682 1142 800 Clytaemnestrae
1165 705 1211 777 El.
1230 707 1319 780 544:
1347 707 1370 802 ῆ
1397 711 1449 799 τῷ
1475 706 1626 777 πανώλει
1652 706 1776 799 πατρλ
1800 715 1868 779 τῶν
1890 709 1957 800 μὲν
1984 708 2026 790 ἐξ
2050 707 2136 800 ἐμοῦ

366 809 500 882 παίδων
526 805 639 887 πόθος
661 807 817 897 παρεῖτο,
853 819 885 877 et
910 806 995 881 Odi.
1023 808 1138 879 1209:
1172 805 1345 902 ιβμέμας
1365 808 1465 904 λιμῆν
1491 806 1599 890 αὐτὸς
1621 808 1771 904 ἤρκεσεν
1796 809 1891 881 παιόὶ
1916 809 1974 883 καλ
2000 810 2140 901 πατρὶ

364 908 606 1005 όαλαμῆπόλῳ
630 909 755 979 πεσεῖν.
796 908 871 979 Ευτ.
892 908 968 981 Tro.
988 910 1074 997 481,
1097 908 1150 981 ubi
1176 910 1308 982 Hecuba
1332 910 1373 983 de
1397 909 1507 983 liberis
1530 911 1599 982 suis
1623 926 1801 1008 conquesta
1825 910 1883 983 τόν
1904 907 2138 1007 φυτουργὸν

366 1013 521 1107 Πρίαμον
551 1008 704 1108 appellat.
764 1011 857 1096 Quae
884 1011 911 1081 si
942 1014 1145 1084 Hennonnos
1171 1025 1355 1110 reputasset
1382 1029 1414 1085 et
1447 1016 1595 1107 Wolsfius
1621 1012 1680 1104 (de
1707 1012 1810 1085 sobal.
1839 1011 1934 1085 baur.
1962 1042 1994 1113 p.
2024 1014 2139 1102 249),

364 1116 415 1188 vix
438 1114 555 1212 opinor
577 1111 774 1184 coniecturis
798 1125 957 1186 tentasset
980 1128 1116 1211 uterque
1133 1113 1250 1187 Teucri
1272 1114 1370 1186 verba
1388 1114 1438 1186 ni.
1461 1116 1573 1187 1296:
1600 1113 1652 1210 ἐφ’
1677 1111 1703 1212 ῆ
1724 1113 1844 1213 λαβὼν
1867 1113 2016 1189 ἐπακτόν
2040 1114 2136 1208 ἄνδρ’

364 1219 385 1290 ὁ
419 1214 614 1314 φιτύσας
647 1213 795 1311 πατὴρ
832 1213 962 1311 ἐφῆκεν
993 1214 1074 1303 κτλ,
1113 1216 1205 1288 cuius
1238 1215 1299 1288 loci
1332 1217 1523 1289 sententiam
1555 1217 1728 1315 diligenter
1765 1220 1915 1289 Wunder.
1945 1217 2135 1316 explanavit.

365 1319 577 1393 Odeoderunt
598 1330 705 1388 autern
728 1316 772 1387 illi
795 1317 827 1388 in
847 1343 927 1390 voce
949 1318 1078 1412 πατῆμ,
1103 1334 1254 1418 tanquam
1277 1321 1459 1392 sententiae
1482 1345 1545 1390 non
1570 1319 1793 1402 conveniente,
1818 1321 1847 1389 in
1872 1321 2009 1416 eiusque
2033 1320 2138 1392 locum

366 1423 601 1497 substituerunt
623 1417 704 1490 alter
726 1417 762 1489 α’
779 1418 975 1511 Ἀτρεύς,
999 1419 1080 1492 alter
1101 1420 1137 1491 α’
1164 1419 1246 1516 ἀνή
1253 1445 1300 1512 ρ,
1327 1446 1412 1517 quae
1435 1421 1564 1519 quidem
1589 1447 1648 1492 vox
1672 1423 1909 1494 Schneidewino
1933 1422 2065 1512 (Philol.
2086 1422 2136 1494 lV.

366 1553 398 1624 p.
419 1525 523 1613 475.)
550 1520 729 1594 incredibili
755 1521 895 1620 quadam
922 1522 1099 1595 acerbitate
1125 1523 1242 1595 Teucri
1269 1523 1449 1596 orationem
1475 1550 1592 1596 ornare
1620 1523 1796 1595 videbatur.
1836 1522 1876 1595 Aa
1902 1526 2049 1620 quaesita
2076 1525 2139 1596 ista

365 1642 398 1701 et
428 1626 578 1699 aculeata
608 1623 810 1697 coricinnitas
842 1625 920 1696 artis
956 1624 1150 1722 Euripideae
1181 1626 1289 1723 potius
1321 1625 1445 1698 videtur
1477 1651 1553 1698 esse
1585 1652 1681 1724 quam
1717 1623 1925 1723 Sophocleae
1956 1626 2143 1724 dignitatis;

364 1727 483 1805 deinde
509 1724 676 1799 acerbitati
703 1725 747 1797 illi
776 1752 817 1798 oe
844 1728 996 1798 convenit
1021 1727 1151 1824 quidem
1178 1726 1368 1799 vocabulum
1396 1727 1498 1823 ἀνήρ,
1533 1752 1606 1800 curn
1637 1725 1787 1820 ἀνδρί,
1820 1727 1874 1824 qui
1906 1726 2040 1800 muliere
2072 1730 2141 1799 lru·

364 1847 447 1919 atur,
482 1830 540 1920 [cl.
567 1827 642 1899 Eur.
671 1826 766 1925 Hipp.
794 1829 879 1901 491.
906 1832 1068 1901 Wuestem.
1097 1831 1140 1902 ad
1162 1828 1300 1902 Theocr.
1327 1831 1372 1902 ld.
1402 1830 1462 1915 30,
1489 1831 1578 1919 20.).
1613 1830 1795 1902 contrarius
1829 1829 1872 1900 sit
1906 1829 2059 1920 πόσις,
2094 1831 2142 1901 vir

366 1933 547 2032 legitimus3
578 1930 618 2002 ol.
643 1928 697 2000 Tr.
723 1931 817 2005 550:
842 1929 1030 2029 φοβοῦμαι,
1057 1932 1109 2028 μῆ
1136 1932 1272 2013 πόσις
1290 1931 1358 2024 μὲν
1378 1928 1554 2029 Ἡρακλῆς
1576 1929 1663 2023 ἐμός
1685 1931 1848 2019 καλεῖται,
1875 1937 1940 2028 τῆς
1963 1930 2143 2025 νεωτέρας

364 2036 397 2108 d'
426 2035 510 2129 ἀνή
516 2058 553 2125 ρ.
608 2030 681 2103 Eur.
702 2032 801 2104 Andr.
821 2033 913 2104 469ε
936 2033 1017 2124 μίαν
1031 2057 1092 2125 μοι
1109 2032 1287 2127 στεργέτω
1306 2034 1441 2116 πόσις
1454 2035 1579 2127 τόσοις
1594 2033 1824 2130 ἀκοινώνητον
1841 2032 2009 2125 ἀνδρὸς
2023 2033 2137 2105 seva.

365 2140 471 2236 Atque
506 2149 540 2207 ut
573 2132 665 2229 ἀνήρ
699 2149 774 2233 apte
809 2147 993 2233 opponatur
1024 2133 1124 2228 ἀνόρλ
1158 2134 1314 2231 ἐπακτῷ,
1349 2162 1412 2209 noa
1448 2137 1598 2230 congruit
1633 2136 1818 2209 attributum
1851 2136 2008 2232 φιτύσαςτ
2043 2161 2139 2207 nemo

366 2240 476 2338 utique
503 2248 600 2336 poeta
626 2237 770 2335 tragicus
797 2237 875 2309 dixit
901 2264 1040 2335 unquam
1066 2238 1087 2309 ὁ
1112 2238 1310 2334 φιτύσαςό
1339 2238 1440 2335 ἀνήρ.
1488 2237 1677 2312 Sententiae
1704 2239 1849 2336 morique
1875 2238 2006 2310 dicendi
2032 2237 2136 2308 minus
2207 2288 2210 2293 -

366 2343 495 2441 quidem
527 2350 689 2438 repugnat
719 2342 897 2412 Hermanni
931 2342 1127 2421 coniectura,
1162 2342 1222 2413 sed
1253 2366 1424 2429 concesso,
1459 2341 1546 2439 quod
1577 2341 1761 2414 concedere
1792 2341 1978 2429 subdubito,
2010 2339 2137 2438 repetiti

366 2443 504 2516 numinis
535 2440 616 2514 satis
648 2443 797 2514 idoneam
829 2442 976 2540 indagari
1009 2442 1178 2532 rationem,
1205 2443 1357 2515 librorum
1388 2444 1549 2542 scriptura
1580 2442 1680 2516 multo
1710 2469 1783 2516 eam
1814 2442 2045 2538 languidiorem
2075 2467 2138 2513 non

365 2571 502 2645 possum
529 2570 592 2616 non
619 2543 795 2643 appellare.
830 2540 865 2616 ‘0
886 2543 1033 2640 φιτῦσας
1055 2547 1173 2641 πατῆρ
1200 2546 1284 2619 enim
1312 2559 1408 2644 poeta
1434 2544 1584 2617 consulto
1611 2546 1729 2643 posuit,
1756 2556 1790 2616 ut
1816 2556 1850 2618 et
1874 2558 2026 2643 quantum
2053 2561 2141 2617 esset

365 2648 453 2721 Atrei
485 2647 608 2719 lacinus
641 2647 760 2720 clarius
790 2646 944 2737 eluceret,
976 2648 1028 2745 qui
1062 2673 1103 2720 oe
1134 2648 1184 2720 sui
1216 2647 1345 2746 quidem
1377 2646 1432 2718 lilii
1464 2646 1556 2719 matri
1587 2647 1803 2745 pepercisset,
1833 2661 1865 2721 et
1895 2648 1929 2719 id
1959 2645 2048 2746 quod
2076 2647 2140 2718 boc

366 2750 441 2823 luco
471 2764 570 2848 caput
599 2764 661 2837 est,
693 2763 726 2821 ut
751 2753 974 2844 Agamemnon
1006 2749 1157 2823 acerbius
1187 2751 1409 2844 castigaretur,
1438 2750 1494 2844 qui
1526 2763 1692 2847 paternam
1724 2749 1930 2847 ignominiam
1961 2748 2139 2823 bereditate

366 2853 460 2952 quasi
487 2852 659 2950 accepisse
687 2852 895 2946 significatur.
949 2852 1053 2938 Quam
1086 2853 1280 2926 Schneidew.
1309 2852 1361 2925 ed.
1389 2852 1424 2924 ll.
1454 2852 1624 2951 proposuit
1655 2853 1963 2950 interpretationem,
1994 2850 2140 2951 aliquan·

365 2970 431 3028 turn
462 2979 501 3026 ea
533 2954 713 3052 infringitur
745 2951 881 3026 convicii
909 2954 957 3026 vis
988 2969 1086 3052 atqua
1117 2955 1293 3039 acerbitas;
1324 2980 1430 3052 neque
1462 2953 1630 3052 probabile
1660 2969 1722 3037 est,
1752 2951 1951 3053 Sophoclem
1983 2980 2079 3052 quam
2109 2955 2139 3024 ia

363 3059 462 3130 Atreo
489 3071 622 3129 secutus
649 3056 743 3128 luerit
769 3053 919 3142 labulam,
953 3056 995 3129 ab
1022 3081 1061 3129 ea
1087 3058 1151 3129 boc
1178 3056 1250 3130 loco
1277 3057 1468 3129 recessisse.
1524 3055 1621 3142 Quod
1648 3057 1789 3154 denique
1815 3081 1884 3128 aar.
1914 3055 2031 3153 ἐφῆκα
2063 3080 2140 3126 eon·

364 3160 470 3232 silium
493 3159 580 3230 necis
605 3184 642 3230 ex
669 3159 739 3230 rimi
766 3158 820 3247 ait,
847 3157 988 3230 alienum
1013 3160 1088 3230 mibi
1113 3159 1236 3231 videtur
1261 3159 1302 3231 ab
1329 3159 1392 3231 boc
1417 3157 1490 3232 laco
1516 3183 1602 3246 esse,
1630 3185 1695 3256 quo
1720 3158 1833 3231 mortis
1860 3184 1963 3255 genus
1990 3156 2140 3227 distincte

364 3261 572 3357 significetur.
613 3185 814 3358 &amquam
843 3263 956 3346 tatem,
982 3263 1089 3333 lavere
1115 3259 1312 3358 aliquantum
1341 3259 1577 3333 Schneidewini
1605 3260 1873 3360 interpretationi,
1900 3259 1986 3360 quod
2012 3255 2140 3329 adulter

365 3361 569 3443 ἐπακτὸς
600 3362 691 3458 ἀνήρ
723 3359 924 3460 appellatur:
956 3377 989 3434 at
1016 3362 1057 3435 de
1084 3362 1146 3435 bac
1173 3364 1244 3462 ipsa
1271 3389 1351 3435 voce
1379 3364 1520 3435 nascitur
1546 3363 1658 3435 nescio
1685 3390 1751 3462 quo
1779 3378 1873 3463 pacto
1899 3360 2036 3458 suspitio
2064 3360 2140 3431 mibi

365 3492 404 3540 ex
435 3463 631 3538 scholiastae
663 3463 890 3562 explicatione3
922 3465 950 3536 is
982 3465 1065 3536 enim
1099 3466 1341 3562 interpretatus:
1374 3464 1524 3537 ἐπακτόν
1555 3463 1683 3557 ἄνδρα·
1716 3463 1773 3537 τόν
1800 3463 1981 3559 μοιχόν,
2015 3462 2142 3535 videtur

365 3568 504 3666 legisse:
531 3565 728 3660 ἐραστόν
752 3565 800 3638 vel
825 3567 933 3665 potius
959 3566 1183 3664 ἐραστήν,
1211 3568 1298 3666 quod
1317 3569 1423 3666 ipsum
1442 3565 1625 3665 Sophocles
1644 3567 1728 3639 baud
1747 3568 1818 3639 scio
1834 3591 1874 3639 an
1894 3565 2071 3662 scripserit.
2094 3607 2139 3616 -

364 3668 467 3743 Simili
499 3669 686 3742 acerbitatis
718 3669 830 3767 specie
864 3668 981 3741 Aesch.
1007 3670 1086 3742 dicit
1107 3670 1158 3741 Fr.
1187 3671 1273 3742 169:
1304 3670 1374 3741 ἀλλ’
1397 3667 1603 3750 Ἀντικλείας
1631 3667 1738 3765 ἆσσον
1769 3666 1858 3765 ῆλόε
1889 3664 2048 3762 Σίσυφος,
2080 3674 2144 3763 τῆς

363 3778 432 3948 «ἑῆς
458 3771 554 3945 pggop
590 3794 648 3946 τοὸ
671 3770 924 3945 φιῆῇρόςέῃῆ
949 3771 994 3946 3σ1“
1030 3770 1255 3865 ἐγείνατο.
1302 3774 1348 3845 ct.
1377 3769 1488 3845 Sobol.
1516 3772 1558 3843 ad
1585 3767 1620 3843 S.
1648 3773 1697 3844 At.
1725 3771 1806 3843 190.
1851 3767 2030 3869 Sopblr.
2057 3768 2136 3842 143.

418 3931 425 3947 .
558 3929 565 3945 .
650 3900 678 3945 vr
704 3931 712 3947 .
740 3930 748 3944 .
772 3887 813 3945 et.
1024 3903 1041 3945 s
1067 3930 1075 3945 .
1106 3918 1150 3925 —

466 3975 590 4048 Deinde
616 3978 698 4049 baec
724 3976 879 4048 orationis
907 3925 1003 4074 dopia
1031 3901 1179 4072 diurpari
1205 3976 1299 4053 solet.
1325 3977 1353 4047 si
1380 4002 1443 4076 qua
1467 3994 1597 4069 praeter
1622 3978 1802 4070 opinionem
1827 3975 1961 4048 orrinino
1988 3981 2136 4074 parentes

364 4078 413 4152 vel
441 4077 532 4150 liberi
559 4078 665 4150 lacere
692 4079 849 4150 dicuntur.
890 4076 985 4149 Velut
1011 4079 1121 4150 metris
1149 4078 1342 4174 impietatem
1371 4094 1471 4150 matre
1498 4077 1583 4149 illam
1610 4079 1739 4176 quidem
1763 4077 2018 4175 indignissimum
2041 4068 2140 4141 casti·

364 4195 479 4281 gatura
511 4180 703 4277 pronunciat
735 4183 817 4253 baec
848 4179 973 4253 Electra
1005 4179 1051 4251 El.
1081 4181 1173 4252 261:
1208 4177 1381 4277 ῆπρῶτα
1404 4178 1472 4273 μὲν
1498 4181 1541 4251 τό
1562 4178 1754 4278 μητρός,
1788 4178 1813 4276 ῆ
1841 4180 1881 4273 μ’
1917 4172 2138 4271 ἐγείνατο,

364 4281 507 4381 ἔχόιστα
543 4280 774 4381 συμβέβηκεν.
815 4283 853 4353 ul.
890 4283 964 4354 Eur.
995 4280 1042 4354 El.
1069 4283 1161 4354 264:
1192 4283 1345 4378 μήτηρ
1379 4282 1421 4354 de
1456 4280 1489 4352 σ’
1526 4284 1549 4378 ἡ
1585 4283 1784 4353 τεκοῦσα
1822 4281 1916 4354 ταῦτ’
1955 4273 2141 4372 ῆνέσχετοι

363 4388 413 4458 Fr.
434 4388 501 4458 et:
529 4382 562 4454 εἰ
585 4388 661 4455 τοῦ
688 4385 906 4466 τεκόντος
928 4383 1032 4456 adden
1058 4382 1218 4477 ἐντρέπει
1244 4385 1426 4477 πατρός.
1466 4386 1567 4457 Porro
1591 4413 1620 4457 v.
1640 4381 1679 4455 0.
1700 4383 1737 4456 R.
1761 4386 1879 4467 1497,
1906 4378 1959 4448 ubi
1982 4376 2141 4474 Oedipus,

366 4506 399 4560 ut
424 4487 534 4584 [lagitii
562 4486 611 4557 sui
639 4487 751 4558 diritas
778 4487 1002 4585 perspiciatur.
1035 4513 1131 4585 quam
1160 4487 1295 4559 nuncius
1327 4488 1490 4559 reticentia
1526 4485 1580 4559 illa
1613 4514 1640 4557 v.
1671 4488 1785 4560 1289:
1816 4482 1872 4552 τὸν
1898 4479 2142 4571 πατροκτόνον,

364 4592 421 4662 τόν
443 4589 579 4684 μητρός
603 4589 722 4687 optime
749 4589 906 4685 exprimit,
933 4590 1015 4661 baec
1042 4591 1133 4660 dicit:
1165 4589 1226 4685 τῆν
1252 4593 1477 4660 τεκοῦσαν
1504 4591 1644 4686 ῆροσεν,
1677 4587 1785 4659 dilen
1816 4606 1900 4673 περ
1933 4578 2073 4661 αὐτὸς
2103 4579 2141 4650 ἐ·

364 4696 533 4787 crepe,
562 4692 603 4763 cl.
625 4719 651 4761 v.
675 4692 782 4762 1485.
825 4690 893 4764 Nec
916 4692 1027 4764 dubito
1050 4692 1210 4789 equidem,
1239 4693 1314 4789 quin
1338 4692 1423 4762 idem
1443 4691 1523 4764 ΟΒ.
1547 4693 1661 4764 1482:
1687 4686 1808 4759 ἔλόετε
1830 4687 1884 4766 ὡς
1903 4683 1968 4765 τὰς
1988 4681 2143 4776 ἀδελφὰς

228 4860 230 4865 ,
365 4797 471 4867 τάσόε
498 4793 561 4875 τός
585 4791 675 4884 ἐμός
694 4791 819 4886 χέρας,
847 4789 884 4864 αἳ
908 4798 969 4865 τοῦ
995 4798 1258 4889 φυτουργοῦ
1286 4795 1461 4885 πατρὸς
1481 4793 1555 4884 ὗμιν
1578 4793 1644 4864 ὧδ’
1669 4793 1755 4880 όμαῖν
1776 4787 1818 4857 τὰ
1843 4786 1978 4878 πρόσῦε
2000 4779 2140 4875 λαμπρὰ

364 4896 604 4991 προόξένησαν
630 4893 779 4986 ὄμματα,
814 4909 845 4966 et
873 4922 900 4964 ν.
924 4896 1038 4969 15142
1070 4899 1130 4966 τοῦ
1155 4894 1233 4993 βίου
1260 4895 1303 4964 δὲ
1327 4895 1464 4988 λιβυνος
1488 4897 1579 4986 ὑμᾶς
1601 4898 1748 4986 κυρῆσαι
1775 4893 1835 4960 τοῦ
1861 4887 2144 4983 φυτεύσαντος

364 5000 536 5092 πατρός
560 4997 733 5070 tristissimi
762 4998 954 5068 matrimonii
982 5001 1135 5071 memoria
1164 4998 1324 5069 cruriatus
1352 4999 1449 5087 dicat,
1481 5023 1546 5094 quo
1575 4995 1746 5065 liberorum
1774 5009 1866 5088 pater
1894 4990 2013 5063 nelarie
2039 4988 2142 5056 lactus
